2692 4850
358 219 642 308 crnnrnvn
664 220 752 285 arn.
775 212 883 296 nac.
1121 220 1187 287 asa
1304 241 1308 249 ⁴

272 399 343 473 sen
367 398 460 469 uaris
483 392 852 489 fflepanenagtsler,

324 500 737 591 Dedecorumpretiosua
758 508 877 566 erutor.
915 542 918 561 ι
999 562 1002 568 ,

95 615 97 625 ’
129 673 136 687 ,
218 606 298 679 Non
321 604 375 675 his
400 606 550 677 iuventus
574 611 648 671 orta
671 601 866 693 parentibus
908 641 910 644 -

230 710 354 793 Infecit
378 728 507 799 aequor
531 706 694 798 sanguine
718 699 860 791 Punico,

274 811 512 903 Pyrrhumque
536 821 571 879 et
594 810 775 900 ingeptem·
791 803 915 875 cecidit
1024 866 1049 886 ,Ν

326 914 553 1003 Antiochum,
577 909 871 998 Hannibalemque
897 906 1026 997 diruas:

221 1016 294 1087 Sed
319 1020 520 1090 rusticorum
548 1013 698 1084 mascula
721 1012 867 1081 militurn

158 1160 160 1163 ·
219 1119 362 1205 Proles,
388 1118 533 1199 Sabellis
559 1117 661 1215 docta
686 1114 856 1209 ligonibus

248 1232 254 1245 ’
279 1220 425 1291 Versaro
450 1220 587 1313 glebas,
614 1230 648 1287 et
672 1240 809 1286 severae

330 1322 452 1394 Matris
476 1322 521 1393 ad
547 1308 721 1391 arbilrium
744 1320 869 1391 recisos
1141 1312 1193 1383 40

1176 1188 1188 1217 l

65 1484 103 1538 les
121 1482 311 1555 amandarat,
334 1484 486 1543 amatoris
506 1484 616 1542 admini-
655 1504 711 1543 naas
729 1484 787 1539 illas
814 1465 916 1555 pugnas'
943 1480 1049 1536 novales
1074 1480 1193 1552 respicit,

67 1574 135 1635 ster;
158 1572 215 1626 iam
233 1588 297 1627 vero
307 1591 366 1629 cuna
380 1573 539 1644 temporibus
549 1573 615 1627 libe·
656 1573 750 1643 qnibus
764 1569 993 1639 Carthaginienses
1004 1568 1032 1622 in
1052 1568 1119 1622 bello
1139 1569 1195 1622 Po-

65 1672 112 1709 rae
131 1656 300 1727 reipublicae
319 1660 377 1733 ipra
400 1668 543 1714 mercatura
567 1660 615 1712 ho-
656 1659 717 1713 nico
739 1657 822 1727 patiano
847 1655 1006 1717 aRonanis
1023 1654 1195 1724 adlegatos

70 1748 144 1795 nesto
165 1744 229 1797 cive
249 1744 364 1800 Romano
385 1745 492 1815 indigna¹
505 1747 616 1799 habere-
657 1744 765 1797 ducibus
795 1741 883 1795 Duilio
909 1751 937 1794 et
968 1740 1074 1803 Lutatio
1099 1739 1195 1794 Catulo

70 1834 129 1894 tur,
141 1828 143 1833 ’
155 1847 209 1883 nec
233 1830 283 1883 nisi
296 1832 397 1891 elaeae
416 1831 499 1901 plebio
510 1830 613 1883 liberti·
654 1823 790 1900 splendide
805 1828 869 1884 victi
882 1836 955 1892 sunt3
970 1828 1005 1879 cl.
1023 1843 1096 1896 supr.
1109 1826 1143 1889 11,
1152 1828 1194 1882 12.

72 1913 163 1985 nisque
178 1924 361 1985 exerceretur,
378 1918 467 1971 mulier
478 1904 553 1981 sane,
572 1915 614 1969 in·
655 1920 682 1973 3.
700 1916 842 1985 Pyrrhum,
875 1913 1049 1984 Epirotarum‘
1061 1929 1150 1981 regern
1166 1913 1216 1966 ot.¹

73 2002 175 2055 stilonis
196 2001 267 2057 adeo
281 2002 382 2057 libidini
402 2018 496 2057 morem
510 2018 614 2071 gerens,
656 2002 859 2056 Tarentinorum
881 2000 995 2063 socium,
1028 1998 1149 2052 acurio
1167 2005 1197 2052 et
1310 2020 1312 2024 ·

73 2089 218 2158 turpissimi
229 2087 326 2157 flagitii
340 2089 442 2159 culpan
461 2091 615 2143 contrahere
655 2086 778 2141 Fabricio
784 2085 962 2156 perdomitam.
978 2084 1050 2139 star.
1056 2086 1079 2137 l.
1086 2086 1127 2141 18.
1134 2087 1202 2156 'Ars-¹

75 2174 205 2241 debebat3
228 2173 288 2227 hinc
310 2175 434 2229 Horatius
453 2175 514 2229 inlr.
530 2174 615 2244 Epod.
655 2175 785 2238 tiochum,
801 2189 889 2242 regern
902 2170 1011 2240 Syriae,
1035 2167 1197 2238 aRomsnis,
1278 2219 1283 2223 .

76 2259 223 2317 xvt1.2o.
247 2262 430 2315 contumeliose
443 2262 477 2315 de
489 2260 616 2314 Canidiae
659 2278 725 2333 quos
742 2263 776 2316 ab
793 2259 940 2314 Hannibale
957 2260 1110 2313 sollicitatus
1129 2260 1197 2313 bello

78 2350 175 2403 Amata
187 2350 298 2402 multone
309 2348 397 2401 nautis
410 2356 437 2402 ct
450 2350 617 2403 incitentur.
659 2348 786 2421 petierat,
803 2348 913 2418 primum
925 2346 989 2399 mari
1005 2346 1197 2406 ducehernilio

78 2461 112 2474 ·-
125 2439 178 2490 Sea
189 2453 251 2488 nno.
266 2432 341 2503 Hisp.
354 2437 490 2505 magister,
508 2433 629 2510 seuipse„
659 2437 778 2506 Regillo,
794 2437 890 2489 deinde
903 2443 976 2488 terrs
991 2435 1025 2488 ab
1037 2434 1119 2487 Acilio
1132 2435 1200 2492 Gla·

79 2531 224 2584 mercatam
246 2520 358 2590 ideoque
379 2521 436 2574 siue
448 2521 516 2575 oanni
527 2519 621 2575 disoci-
659 2524 751 2577 brione
761 2531 789 2577 et
801 2524 880 2576 Corn.
897 2520 1019 2590 Scipione
1029 2520 1200 2586 debellatum

81 2609 165 2674 ruine,
189 2607 248 2661 eive
266 2607 377 2662 famulus
393 2607 449 2660 sive
463 2608 620 2661 dominusne
659 2598 809 2682 ingentem,
826 2608 860 2662 ad
871 2608 928 2660 eius
942 2606 1054 2664 ⁴rsonaiuis
1067 2615 1094 2660 et
1107 2613 1200 2679 poten-

82 2689 214 2748 si‘ollerst
227 2692 385 2758 adulterum
403 2695 531 2764 magister
544 2693 620 2746 naon
660 2697 716 2750 tiae
735 2693 939 2764 magnitudinem
955 2693 1145 2762 designandam.
1164 2725 1201 2736 -

83 2781 144 2834 alian
170 2790 214 2834 est
235 2780 401 2844 navarchus,
424 2777 472 2854 aed
490 2777 619 2832 cumhl.
661 2783 836 2834 Hannibalem
863 2782 964 2846 dimas,
995 2781 1114 2854 nathan
1138 2783 1226 2836 inin·

84 2869 213 2939 s'rntitori¹
228 2875 389 2935 opponatur,
419 2867 477 2936 ipse
504 2865 620 2918 dominus
661 2869 715 2936 lv,
738 2865 763 2920 4.
781 2867 826 2921 42.
851 2866 978 2919 Hannibal
996 2867 1030 2918 ob
1051 2867 1121 2921 diras
1136 2868 1200 2933 iras,

85 2956 168 3020 navis,
193 2952 355 3008 naviculator
377 2953 420 3008 vel
438 2959 566 3006 mercator
576 2951 621 3012 ,in-
662 2973 728 3026 quas
742 2960 838 3008 contra,
845 2953 975 3027 Romanos
988 2965 1151 3024 conceperat,
1159 2957 1202 3009 di-

85 3039 238 3111 telligeudna
268 3047 317 3092 est.
339 3067 375 3080 --
396 3041 549 3109 Hispanae,
573 3053 621 3107 pro
661 3043 784 3106 φωλίον
800 3032 966 3093 vocaturs-
984 3042 1109 3106 massula,
1123 3043 1202 3095 robu-

88 3125 253 3198 quavisnavi
271 3125 440 3188 mercatoria3
464 3131 621 3178 mercatores
663 3138 720 3193 sta,
745 3127 840 3180 valida.
860 3119 965 3179 uersare
988 3127 1080 3196 glebas
1105 3129 1203 3199 ligoni-

61 3199 149 3267 ⁵enim
174 3212 285 3268 Romani
309 3211 335 3263 in
357 3211 487 3280 Hispania
505 3208 622 3280 inprimis
664 3218 816 3279 bats,ornate
828 3230 875 3282 pro
886 3212 1001 3280 vulgari:
1018 3213 1118 3277 fodere,
1132 3210 1202 3282 quod

87 3308 218 3369 quaestum
239 3297 326 3352 lacere
346 3294 473 3352 solebant.
489 3325 520 3336 -
535 3297 624 3350 dedeo.
664 3299 791 3367 Virgilius
801 3299 830 3350 in
840 3299 897 3351 loe'o
915 3299 961 3350 illo
981 3297 1014 3350 de
1029 3299 1113 3352 veteri
1130 3300 1204 3352 ltali-

85 3397 152 3456 prct.
168 3395 251 3442 amtor
260 3403 280 3453 ,⁸
291 3383 401 3454 pretinm
413 3400 461 3454 pro
476 3381 548 3454 turpi
562 3381 624 3434 libi-
665 3373 697 3440 ae
710 3371 847 3454 disciplina
861 3383 1081 3436 suavissimohen.
1090 3385 1204 3441 txnoo.

89 3475 153 3528 hate
165 3467 257 3528 {raab
270 3471 381 3524 solvent·
665 3471 743 3528 siniti
756 3477 847 3526 ornatu
861 3467 1037 3524 rixiosarum
1050 3474 1204 3526 amando:
1290 3459 1299 3468 ‘

119 3579 145 3616 v.
162 3563 199 3617 83
215 3587 251 3600 -
275 3557 318 3614 44.
341 3555 476 3612 Eiusmodi
487 3552 625 3624 flagitiosis
665 3572 748 3613 mure.
765 3555 969 3626 OpportuneCl.
983 3555 1205 3610 Misseninsaa-

91 3647 241 3718 parentibus
247 3645 322 3700 ,haud
333 3654 391 3700 orta
398 3652 439 3698 ast
446 3643 504 3696 olim
516 3642 560 3694 illa
575 3657 625 3710 pu·
667 3645 729 3705 lect.
742 3644 776 3697 ad
787 3643 878 3697 Horat
892 3659 918 3713 p.
931 3645 1001 3704 705„
1015 3659 1072 3696 con
1094 3643 1206 3697 Horatio

92 3733 142 3800 bes,
158 3749 227 3804 qnae
241 3733 267 3786 in
283 3731 350 3786 bello
365 3730 464 3784 Punico
480 3728 560 3799 prirno
572 3744 628 3780 ma·
669 3738 802 3801 comparat
825 3729 959 3785 Columell.
977 3730 1073 3783 delle.
1087 3730 1121 3783 R.
1135 3729 1166 3782 h.
1182 3729 1205 3783 Ι.

63 3819 70 3834 ’
92 3835 119 3872 re
130 3819 246 3881 Siculum
258 3816 509 3891 Carthaginiensium
522 3813 629 3884 sangui·
669 3819 757 3873 Ρηρί,
774 3822 800 3885 ς,
815 3818 858 3872 17,
874 3845 910 3858 ...
927 3819 1055 3880 satem„
1077 3816 1104 3869 1,,
1120 3833 1145 3868 0,
1155 3815 1206 3868 sa.

93 3905 240 3974 eulptech,
258 3911 286 3958 et
306 3904 450 3976 Pyrrhurp,
467 3900 628 3964 Antiochum,
669 3905 754 3970 binie3
770 3903 840 3974 apud
853 3903 964 3957 Sabinos
979 3903 1048 3957 enirn
1059 3918 1151 3955 severa
1162 3901 1209 3968 ilia

93 3989 311 4061 Hannibalemque
333 3989 415 4056 vicit,
440 3987 486 4042 sed
498 3993 628 4057 prognata
670 3990 825 4060 disciplina,
854 3989 888 4044 de
914 4007 965 4061 qua
984 3996 1071 4043 sesno‘
1086 3995 1141 4053 est,
1164 3987 1208 4040 vel

94 4081 132 4128 ssl
153 4075 208 4128 ruri
230 4092 246 4129 a
264 4077 378 4130 robustis
395 4075 562 4147 parentibus,
584 4073 634 4143 qni'
670 4075 781 4130 maxiano
803 4075 906 4144 adgnita
929 4078 965 4130 of.
990 4073 1083 4144 Virgil.
1107 4073 1208 4141 Georg.

95 4177 147 4214 ean
166 4167 266 4216 mature
283 4163 366 4224 duros
386 4163 421 4218 io.
433 4163 504 4232 agris
527 4161 631 4216 labores
671 4162 1214 4233 Il.167·seqq.-srntcs,tarmeats.seoer.a

95 4249 219 4302 sustinere
242 4247 388 4302 docuerunt
410 4256 473 4302 cett.
496 4277 530 4288 -
553 4249 632 4315 insen.
672 4254 752 4302 narr.
766 4249 803 4301 nd
822 4249 916 4304 arbitr.
934 4247 967 4301 e'n
987 4248 1120 4318 egregium
1134 4241 1210 4298 se‘ve-

97 4349 166 4404 cepa.
183 4351 280 4406 sanga.
294 4335 489 4401 ,Punicostres
501 4333 634 4390 nobilissi-
675 4349 722 4389 rae
747 4332 902 4408 discipliuae
925 4335 1085 4421 exemplans,
1114 4331 1161 4385 ubi
1177 4329 1211 4383 ad
