2692 4850
238 312 243 321 ,
331 213 627 327 ‘coturnum
646 222 735 285 nm.
757 200 879 301 ium.
1107 230 1181 303 Ἥ)

852 332 859 367 ι

196 398 292 467 -Non
316 395 440 465 Mortis
463 395 592 485 laqueis
619 394 915 490 expediescaput

160 500 377 593 Campestres
401 500 521 569 melius
546 499 713 589 Scythae,
968 576 971 581 Δ

213 606 369 689 Quorum
393 603 545 693 plaustra
568 600 683 695 vagas'
697 602 760 670 rite
784 599 1069 701 trahuntdomos,
1129 612 1184 681 lo

158 709 305 793 Vivant,
331 717 366 775 et
390 699 502 795 'rigidi'
520 704 646 775 Getae:
672 729 674 732 ’

211 811 378 879 lnmetata
402 809 524 896 quibus
548 809 668 899 iugera
693 806 817 875 liberas
920 800 925 817 '

160 913 297 1002 Fruges
322 921 358 979 et
377 900 552 980 Cererem⁸
566 911 690 994 ferant,
895 990 904 999 Ν

212 1015 288 1083 Neo
312 1014 445 1084 cultura
469 1013 585 1103 placet
608 1013 747 1109 longior
771 1032 898 1081 annua:
1062 1052 1068 1069 ⁴

160 1116 437 1206 Defunctumque
463 1116 637 1185 laboribus
669 1145 671 1150 ·
756 1172 760 1177 .

213 1220 360 1309 Aequali
383 1226 513 1288 recreat
537 1228 627 1288 serta
650 1209 803 1287 vicarius.

162 1321 240 1392 lllic
264 1333 373 1391 matre
397 1315 586 1393 carentibus
623 1328 627 1343 ‘

214 1417 386 1522 Privignis
411 1426 533 1496 mulier
556 1428 725 1516 temperat
749 1420 926 1493 innocens:

68 1669 115 1725 rin
130 1672 264 1729 adhibent
280 1704 316 1718 -·
332 1675 533 1741 adamantinos,
558 1663 601 1728 res
640 1680 739 1746 preter.
755 1700 791 1713 ···
809 1672 865 1728 Neo
885 1675 953 1737 ertit..
962 1676 1003 1744 pi.
1028 1676 1100 1748 long.
1121 1683 1182 1731 anri
1202 1720 1212 1745 s

68 1757 185 1830 dicuntur
197 1764 395 1856 ndampntinue,
407 1779 474 1834 quae
488 1767 548 1816 aunt
559 1760 601 1815 iu·
643 1779 708 1830 agro
730 1761 813 1825 euim,
838 1776 914 1828 quem
933 1778 981 1830 per
1001 1778 1076 1815 unum
1091 1780 1184 1819 annum

69 1847 410 1914 expugnabilia'firmitatia,
440 1854 470 1901 ut
488 1866 558 1918 aupr.
578 1849 602 1917 l,
644 1848 786 1910 coluerant,
803 1846 909 1910 relicto,
927 1862 1008 1913 vagas
1022 1848 1110 1901 domos
1123 1870 1183 1905 suas
1273 1854 1274 1857 ’

69 1931 92 1983 6.
104 1933 144 1986 1u
159 1935 603 1995 tunioucdumantinac—aumm.
644 1934 673 1987 iu
692 1933 769 1987 alium
789 1932 989 1985 transferebant.
1007 1960 1042 1973 ·-
1060 1936 1194 2003 Defunct'
1277 1924 1280 1931 Δ

69 2024 129 2071 vert.
151 2044 189 2059 -·
210 2038 323 2072 samanae
345 2026 385 2074 eat
409 2018 545 2092 epitheton
561 2039 605 2075 or-
646 2022 699 2073 lab.
713 2036 786 2087 nequ.
806 2035 872 2070 reor.
885 2026 947 2069 sort.
966 2020 1049 2090 vicar.
1063 2024 1091 2072 et
1105 2025 1135 2075 nt
1150 2012 1205 2089 is,*
1225 2076 1230 2085 ,

69 2118 150 2171 nana,
180 2104 245 2159 nibil
262 2106 379 2178 amplius.
400 2135 435 2147 -
460 2114 544 2173 mita,
566 2124 604 2161 ao.
646 2106 694 2176 qui
712 2102 805 2158 annuis
821 2102 952 2155 laboribus
971 2106 1120 2173 perfunctus
1134 2114 1184 2175 est,
1206 2152 1211 2171 .

69 2188 163 2244 nortis.
606 2252 613 2266 ,
647 2206 808 2245 aerecreare
823 2188 924 2258 possit,
943 2189 999 2241 eius
1015 2192 1088 2246 vices
1102 2212 1184 2265 aequo

100 2291 124 2327 v.
146 2276 213 2330 9—
227 2276 269 2332 16.
298 2276 384 2331 Multo
408 2276 551 2334 feliciorem
577 2278 606 2331 ia
646 2276 704 2329 iure
720 2276 787 2331 alius
808 2274 923 2346 suscipit.
948 2278 1062 2331 vicarius
1083 2285 1187 2350 aequali

70 2360 161 2433 campis
178 2363 258 2430 vitam
270 2363 364 2417 vivunt
375 2364 493 2434 Scythae
505 2370 533 2416 et
550 2364 606 2415 Ge-
619 2360 622 2368 ’
646 2360 729 2430 serie,
746 2363 818 2417 vices
829 2358 955 2430 alterins,
980 2370 1009 2417 ut
1021 2382 1078 2419 sors
1090 2384 1186 2438 aequa-

69 2452 123 2511 tae,
157 2447 216 2502 dum
236 2451 360 2504 communi
386 2467 506 2519 agromm
531 2450 605 2504 cultu
646 2450 831 2520 liatpostulat‚
858 2450 1025 2520 suscipiens.¹
1051 2453 1116 2506 Cum
1135 2455 1185 2508 hoc

41 2531 45 2536 ’
70 2529 182 2587 contenti
195 2536 265 2590 hand
276 2537 347 2590 curis
366 2537 419 2589 illis
432 2542 461 2588 et
474 2535 606 2604 cupidita·
647 2536 805 2606 Scytharum
818 2538 996 2606 Getarumque
1011 2540 1118 2593 vivendi
1132 2558 1187 2594 mos

70 2618 151 2686 tibus,
175 2621 267 2692 quibas
282 2622 394 2687 divites,
411 2621 552 2690 agitantur.
570 2649 606 2662 ·-
646 2639 678 2688 re
689 2622 797 2690 egregie
818 2622 986 2687 conveniunt,
1005 2643 1070 2694 quae
1087 2627 1185 2680 Caesar

71 2707 165 2771 nebus,
184 2707 210 2759 la
224 2725 248 2764 e.
270 2708 421 2779 sapientius,
439 2714 474 2761 ut
487 2725 560 2777 supr.
582 2707 606 2776 Ι,
648 2708 679 2760 Β.
693 2708 729 2759 G.
742 2708 789 2760 lv.
805 2711 829 2762 1.
846 2707 879 2760 <le
892 2700 985 2762 Suavis
995 2717 1099 2766 narrat:
1119 2715 1186 2767 Cen-

73 2795 110 2846 to.
131 2795 157 2848 1.
180 2796 277 2856 rectius
294 2797 393 2847 ninere.
424 2820 460 2832 -·
492 2795 607 2860 Quorum
648 2802 808 2864 tumpngos
827 2795 1074 2864 interdicuntur,
1094 2817 1108 2852 e
1129 2801 1186 2870 pui-

69 2881 187 2945 plouaira
200 2898 264 2950 nug.
279 2882 324 2934 rit.
339 2883 411 2936 trab.
427 2882 495 2932 dom.
514 2879 623 2934 Iustina
648 2881 694 2933 bus
708 2882 845 2948 quotannis
856 2883 963 2951 singulo
974 2884 1058 2936 millia
1071 2895 1188 2940 armato·
1265 2887 1268 2900 ¹

72 2963 103 3016 ll.
115 2968 138 3018 1.
162 2965 196 3018 de
214 2966 336 3033 Scythis:
359 2969 454 3019 onres
467 2967 608 3034 libmomm
647 2983 706 3017 rum
726 2967 840 3018 bellandi
860 2984 940 3020 annau
960 2970 1078 3023 educunt.
1114 2972 1189 3024 liclia

72 3067 151 3104 meran
171 3053 201 3108 in
217 3053 346 3121 plaustris
361 3051 475 3115 nebunt,
503 3055 608 3135 'quibam
642 3054 710 3119 nui,
734 3054 778 3121 qni
797 3055 867 3106 domi
883 3042 1043 3119 manserint,
1064 3073 1091 3108 se
1112 3066 1210 3126 atque,

73 3139 143 3190 coriis
162 3138 284 3190 imbrium
301 3138 442 3206 hiemisque
468 3155 549 3190 causa
567 3144 608 3190 te-
649 3139 709 3189 ilios
723 3141 806 3191 alunt.
847 3140 885 3190 1Ιί
902 3157 990 3193 rursus
1009 3159 1076 3192 anno
1088 3151 1148 3210 post
1161 3145 1188 3195 in
1238 3185 1242 3194 .

72 3225 200 3292 ctir,pro
217 3225 332 3276 donabus
349 3231 476 3286 utentum
491 3224 560 3276 unde
570 3223 610 3276 illi
650 3225 731 3275 armis
745 3231 821 3286 sunt,
839 3225 881 3276 illi
893 3226 963 3278 domi
975 3235 1118 3280 remanent.
1144 3215 1203 3280 Sic*

72 3308 180 3363 Graecis
194 3309 259 3362 dicti
272 3317 333 3362 sunt
348 3305 513 3378 vinciguerrae,
537 3305 609 3377 ἁμα·
649 3325 730 3376 neque
750 3311 931 3378 agricultura,
955 3313 1089 3363 narratio
1111 3319 1210 3380 aiones
1284 3362 1290 3370 ,

72 3395 220 3467 gibana·
237 3397 304 3462 rite,
329 3404 357 3448 ut
377 3397 431 3450 lert
451 3413 537 3448 eorum
554 3412 609 3449 moa
649 3413 711 3448 usus
729 3397 789 3448 belli
803 3395 998 3449 intermittitur:
1023 3397 1069 3448 sed
1087 3398 1189 3466 privati
1273 3405 1275 3414 “

72 3493 98 3536 et
108 3486 180 3539 ritae
192 3482 269 3536 ratio.
285 3511 321 3521 —
337 3483 424 3552 rigidi
428 3519 437 3546 ,
451 3481 552 3536 duriori
568 3481 610 3535 vi·
651 3500 690 3534 nc·
704 3483 822 3550 separati
841 3481 904 3552 agri
920 3483 992 3550 apud
1009 3485 1128 3536 coenibii
1142 3491 1189 3548 est,

72 3576 113 3623 tae
124 3571 244 3637 adsueti,
258 3576 293 3634 ,ut
302 3569 365 3622 inlr,
378 3569 465 3638 Epist.
479 3569 514 3636 ll,
529 3572 553 3623 1.
564 3570 623 3631 25„
650 3585 732 3638 nepae
746 3569 851 3643 longius
869 3555 936 3621 anno
951 3585 1083 3646 necaonem
1097 3587 1148 3622 uno
1162 3571 1190 3622 in

72 3659 154 3728 agras
175 3657 274 3710 setes.
310 3653 450 3709 erearum
474 3654 508 3708 ue
525 3657 611 3708 oea·
650 3657 707 3710 1000
723 3639 943 3708 recortanam
956 3655 1024 3707 aaa
1103 3667 1105 3672 ¹

72 3761 124 3798 runa
143 3741 402 3811 vitaesimpltcitate
415 3746 443 3792 et
458 3741 612 3810 frugalitate
686 3759 712 3795 v.
728 3738 855 3797 17-24.
873 3719 973 3794 Illorum
989 3735 1149 3793 sanctitatem
1164 3745 1192 3793 et
1232 3810 1238 3822 Ι

57 3828 178 3891 ,nudant
192 3831 280 3884 Strab.
292 3827 352 3881 Vll.
365 3845 391 3897 p.
405 3829 466 3882 302.
477 3857 512 3866 -
528 3829 611 3879 inme·
651 3827 723 3882 ritae
732 3826 921 3896 integritatem,
946 3841 1022 3896 quam
1041 3825 1110 3894 apud
1126 3826 1192 3894 Scy·
1246 3855 1249 3870 ι

74 3923 131 3968 tato
144 3918 251 3988 iugera,
264 3911 611 3981 vivebantigiturScytbae
651 3916 712 3968 thas
727 3921 755 3967 et
776 3915 861 3967 Getas
886 3912 975 3981 vigere
996 3909 1050 3975 ait,
1067 3910 1118 3962 iam
1130 3929 1192 3966 cou-
1214 3945 1216 3952 ·

74 4004 198 4055 etGetae
215 4006 246 4054 ut
259 3991 374 4054 homiues
392 4016 488 4053 aureae
506 3997 611 4062 aetatis,
652 4001 721 4052 culto
741 3999 887 4068 peruersis,
918 3999 1012 4068 quibus
1034 3987 1192 4050 uariantes

74 4103 122 4154 qna
132 4087 268 4140 utTibull.
281 4089 304 4140 Ι.
317 4089 344 4142 3.
357 4084 401 4142 43.
420 4083 611 4154 loquitar,uul-
651 4085 782 4155 corrumpi
795 4085 866 4157 passi
878 4086 996 4150 fueraut,
1015 4083 1122 4154 opponit
1139 4101 1204 4142 nao-¹

73 4171 111 4224 lna
130 4174 219 4227 adbuc
238 4173 305 4242 lapis
324 4171 443 4241 iu'agris
461 4171 531 4223 fixus
551 4170 611 4235 fuit,
652 4170 733 4224 ribus.
757 4201 791 4211 -
814 4173 873 4226 Illic
891 4179 970 4225 matr.
993 4187 1047 4224 car.
1073 4169 1193 4238 Priuign.

74 4248 119 4327 qni
134 4260 325 4328 cenis-finibus
347 4277 414 4312 arou
438 4256 551 4328 regeret.
577 4257 613 4311 ci.
653 4259 716 4310 mul.
736 4264 814 4327 temp.
835 4259 932 4311 innoc·
950 4258 1096 4328 explicant:
1126 4253 1193 4322 apud
1235 4295 1243 4300 .

73 4343 165 4415 Virgtt
187 4346 290 4416 Georg.
307 4346 330 4400 l.
351 4345 410 4403 126.
426 4351 455 4401 et
471 4343 510 4398 ibi
527 4343 613 4399 lttter·
654 4361 700 4398 eas
713 4348 805 4414 gentas
823 4361 936 4400 noverca
957 4331 1087 4416 privignis
1102 4341 1197 4411 pocula
1224 4361 1229 4368 ·
