2692 4850
350 1449 355 1466 ·
435 1368 1002 1509 rnanuarro·

586 1694 796 1711 m
843 1704 846 1711 ι

117 1827 121 1838 ι
145 1827 151 1864 Ι
234 1801 239 1808 ι

115 1897 330 2034 Quamvis
358 1933 400 2008 in
424 1935 590 2012 Horatio
624 1933 857 2048 explicando
888 1947 929 2009 et
954 1957 976 2008 a
1001 1932 1255 2012 librariorum

113 2053 294 2154 peccatis
303 2053 679 2154 purgandotantum
690 2056 932 2157 unaquaque
942 2065 1068 2130 aetate
1076 2055 1253 2161 positum
1275 2101 1285 2112 ‚

115 2187 180 2249 est
196 2172 389 2272 studium,
404 2187 450 2252 ut
462 2177 525 2254 vix
541 2201 562 2252 a
580 2173 695 2251 novis
707 2174 989 2276 interpretibus
1005 2171 1083 2251 dici
1099 2186 1252 2250 escon-

113 2290 218 2370 lerri
237 2291 387 2396 aliquid
404 2319 523 2398 posse
538 2310 675 2398 putes,
702 2294 815 2396 quo'd
829 2317 914 2371 non
934 2293 1085 2372 dictum
1105 2306 1145 2371 et
1166 2293 1251 2370 col-

114 2412 248 2491 latum
262 2415 311 2492 sit
323 2417 460 2525 prius,
485 2442 562 2494 nec
589 2415 843 2493 librariorum
860 2408 999 2493 vitium
1014 2405 1219 2525 aliquod
1208 2438 1250 2491 m

112 2536 272 2613 Horatii
286 2549 415 2637 textu,
443 2556 566 2640 quem
583 2548 744 2634 vocant,
771 2537 945 2651 indagari
966 2548 1006 2613 et
1021 2534 1110 2612 tolli
1130 2558 1250 2637 posse

115 2654 279 2757 credas,
312 2658 424 2761 qnod
447 2682 534 2735 non·
555 2649 786 2764 indagatum
811 2670 864 2734 et
874 2636 1109 2734 sublatum
1098 2679 1178 2732 iam
1198 2658 1249 2755 sit

94 2778 167 2855 .ab
192 2778 296 2874 aliis·
322 2794 458 2857 nmen
483 2790 619 2854 nostra
639 2802 804 2881 quoque
828 2792 955 2855 aetate
978 2772 1141 2855 extitere
1162 2778 1247 2859 nrt

114 2898 245 2997 ducti,
273 2901 342 3001 qui
357 2924 515 2977 noram
524 2900 656 2976 lucem
676 2900 843 2981 Horatio
858 2896 1132 2996 affundereut,
1157 2922 1246 2986 nec,

117 3019 189 3121 qui
205 3042 309 3095 nova
326 3029 366 3096 et
379 3020 546 3097 meliora·
562 3015 748 3117 afferant,
773 3019 939 3121 posthac
954 3018 1135 3098 deerunt.
1163 3018 1247 3094 Sci·
1330 2997 1336 3013 ’

114 3138 212 3215 licet
232 3138 333 3215 alius
346 3138 468 3240 banc,
496 3140 593 3217 alius
616 3140 734 3215 aliam
755 3132 798 3216 in
821 3138 983 3217 edendo
996 3132 1162 3215 Horatio
1182 3164 1245 3215 ra·

111 3258 274 3335 tionem
299 3271 458 3339 secutus
482 3272 558 3353 est;
592 3258 709 3357 alius,
743 3271 795 3334 ut
810 3260 1092 3357 Lambinus,
1128 3262 1246 3334 Tor·

111 3380 329 3479 rentius,
357 3380 755 3464 Sanadonuscett
773 3378 1245 3480 omnempaeueinpoe-

26 3596 31 3603 ι
111 3506 178 3573 tae
196 3500 403 3576 sententiis
417 3500 580 3577 uberius
596 3498 853 3601 exponendis,
874 3493 1125 3593 illustrandis,
1151 3520 1243 3575 cum

112 3618 310 3696 similibus
339 3632 522 3697 veterum
550 3622 790 3721 scriptorum
820 3620 918 3696 locis
950 3585 1328 3721 componendis

111 3734 179 3811 vel
197 3762 244 3813 ex
258 3736 422 3819 historia
439 3740 647 3817 dilucidius
663 3740 936 3841 explanandis
925 3738 1131 3816 collocavit
1143 3764 1243 3841 ope·
1312 3731 1315 3739 ’

112 3878 219 3951 rarn3
247 3855 356 3959 alius,
382 3859 712 3960 utBentleius,
740 3860 1106 3969 cuningamius,
1132 3863 1244 3938 Wa-

113 3918 499 4091 kefieldiuscett.
524 4003 642 4059 unice
660 3980 1046 4083 1npoetaadartem
1067 3981 1241 4057 criticam

1329 3413 1330 3466 ι

1301 3477 1329 3549 l

1321 3967 1323 4064 l

83 4194 86 4203 Ι
114 4095 310 4194 exigendo
334 4084 511 4179 versatus
537 4104 615 4197 est3
643 4100 762 4197 alius,
796 4112 843 4177 ut
866 4098 954 4177 fere
978 4102 1240 4198 Gesnerus,
1307 4177 1319 4214 ἑ

113 4230 333 4323 urnamque
354 4219 406 4299 ita
428 4221 648 4323 coniunxit,
675 4234 720 4300 ut
744 4244 822 4300 nec
841 4220 963 4300 textui
982 4218 1033 4296 ad
1054 4242 1239 4295 nonnam
1310 4210 1320 4272 i
