2692 4850
299 231 615 321 scasurnvu
636 256 727 324 ιιι.
750 260 805 367 ιιι
825 267 878 377 so
899 262 1008 391 ιι.
1144 274 1208 368 ιιι

194 491 198 502 ,
237 425 379 494 Arbiter
403 447 544 521 pugnae
567 387 719 521 posuisse
744 436 840 504 nudo

580 533 655 601 Sub
681 536 773 641 pede
797 528 949 637 palmam

234 629 379 717 Fertur,
405 639 439 699 et
464 633 533 701 leui
557 658 713 707 recreare
738 652 864 716 vento

232 732 398 823 Sparsum
426 722 576 805 odoratis
600 736 781 811 humerum
807 746 956 841 capillis.
1006 764 1010 773 “

233 835 355 922 Qualis
379 846 439 908 aut
462 842 582 941 Nireus
606 841 688 933 fuit,
716 851 773 941 aut
798 870 924 937 aquosa

571 944 706 1039 Raptus
732 950 776 1034 ab
802 948 874 1022 Ida.

427 1177 841 1259 CARMENXXt
936 1220 939 1232 s
1045 1250 1115 1261 ..

335 1330 960 1411 susurronum

231 1443 283 1555 0
309 1478 387 1556 nata
406 1512 546 1561 mecum
572 1495 711 1565 consule
736 1494 879 1619 Manlio,

229 1588 298 1659 Seu
323 1600 361 1662 tu
386 1594 610 1682 querelas,
585 1620 654 1668 slve
676 1601 768 1693 geris
793 1602 898 1687 iocos,

64 1766 154 1834 ditur,
184 1778 247 1840 post
267 1773 370 1841 paullo.
396 1798 431 1814 ὴ-
448 1778 546 1831 arbiter
561 1797 615 1850 pu-
654 1778 690 1837 sd
704 1798 797 1853 corpus
810 1780 971 1837 curandum'
962 1784 1132 1858 mserrirent3
1150 1808 1196 1846 er-

62 1873 156 1925 gaae,
174 1856 330 1923 Nearchus,
348 1860 519 1932 βριβευτής,
538 1883 559 1917 a
555 1884 615 1919 cu·
655 1870 962 1939 emplarnhancremvrd
965 1874 1033 1941 apud
1041 1875 1081 1927 Cl
1089 1879 1194 1935 Mitsclr.

61 1942 107 1993 ius
130 1941 242 1995 arbitrio
262 1944 337 1997 stetit
358 1946 477 2000 victoria.
500 1978 537 1989 ·-
549 1953 613 2020 pal·
654 1954 709 2009 Iam
731 1974 795 2010 vero
815 1956 883 2027 quod
902 1956 1038 2013 Nearchus
1052 1965 1193 2032 certamini,

61 2046 140 2079 ruam
152 2029 201 2079 sub
211 2031 279 2096 pede
289 2034 416 2099 posuisse,
423 2034 485 2087 nihil
499 2054 612 2103 curasse,
653 2041 738 2111 ipsius
751 2036 881 2095 caussint
882 2060 910 2096 er
929 2044 1057 2112 Pyrrhum
1075 2052 1102 2104 et
1120 2053 1193 2121 puel·
1228 2062 1229 2065 ’

61 2114 119 2165 utri
133 2111 246 2182 palmam
258 2114 342 2181 daret,
358 2116 424 2173 lae.
439 2125 523 2172 utrum
538 2122 612 2191 puel
653 2126 704 2181 lara
725 2132 831 2192 exorto,
855 2128 893 2182 ite
915 2128 1007 2182 adesse
1027 2130 1139 2202 dicitur,
1161 2143 1193 2191 ut

62 2199 115 2251 lam
136 2200 265 2268 ·,Pyrrho
293 2218 327 2254 an
354 2204 484 2273 Pyrrhum
510 2207 621 2276 puellae
654 2230 750 2283 corpus
770 2232 841 2268 suum
858 2213 958 2267 interea
975 2222 1054 2269 rento
1077 2236 1125 2289 per
1142 2220 1193 2275 fla-

61 2286 232 2357 praeferret3
261 2286 339 2355 piane
356 2296 385 2341 ut
404 2289 451 2345 illa
470 2293 591 2346 mulier
583 2312 612 2349 ιι
652 2300 746 2351 bellurn
765 2300 835 2373 facto
809 2299 1008 2369 trelrigeret,
1030 2300 1086 2354 id'
1078 2307 1191 2359 ancario-

62 2374 164 2444 cyatho
179 2371 290 2442 caprarii
303 2374 372 2444 apud
388 2376 522 2433 Theocrit
534 2381 555 2435 I
565 2384 609 2437 33
651 2403 708 2439 sum
719 2384 774 2438 eius
788 2384 822 2438 de
839 2387 974 2477 utriusque
988 2390 1192 2470 amoreanimuur

60 2478 141 2529 seqq.
163 2485 199 2498 -
217 2457 275 2529 udo
295 2460 327 2516 δέ
346 2462 376 2515 ot
393 2461 494 2533 ἄνδρες
514 2465 610 2522 Καλόν
651 2473 759 2549 egpegie
780 2471 962 2526 declarat-
988 2478 1098 2544 Nireus,
1114 2480 1189 2536 Hom.

60 2543 262 2615 ἐθειράζοιτες
303 2543 453 2620 ἄμοιβαδις
488 2547 609 2608 ἄλλοθεν
649 2559 724 2611 iliad.
736 2557 770 2611 ΙΙ.
787 2560 847 2614 673
864 2555 1018 2627 ΙιῙιριῦς,“
1001 2583 1033 2626 οι
1048 2562 1191 2634 κάλλιστος

61 2631 149 2697 ἄλλος
178 2631 342 2690 Nerusiouo’
367 2633 487 2692 ἐπέεσσι·
511 2636 609 2694 roid’
650 2665 722 2715 orvqp
734 2664 790 2698 uno
796 2638 882 2700 ”lttor
896 2641 1026 2718 ἦιθε-
993 2652 1147 2720 Raptus
1156 2657 1190 2708 ab

60 2717 108 2776 ον’
133 2717 276 2790 φρενός
306 2717 461 2778 ἅπτεται
485 2722 606 2791 αὐτοῖς
637 2729 906 2800 .1ua‚Ganymedes;
925 2736 1189 2804 aquosaquodrnul

59 2840 97 2848 —
116 2811 164 2862 suh
186 2809 279 2877 pede‘
267 2809 385 2877 porrivel
396 2813 505 2878 pedihus
517 2813 608 2866 subiici
648 2817 669 2869 tr
682 2819 767 2870 fontes
781 2817 1101 2874 rnmonteldascatebant
1106 2823 1187 2880 Ovrd
1230 2865 1232 2872 .

59 2895 153 2964 (Virg.
169 2896 268 2963 Georg.
284 2896 319 2949 Il.
334 2894 606 2969 492.)‹1101tur,qu0d
625 2934 627 2937 -
648 2903 713 2958 Met.
736 2903 771 2958 Π.
790 2905 852 2959 218.
884 2905 1046 2959 celeberrima
1067 2911 1156 2973 fontih
1143 2899 1202 2968 bua'

59 2979 264 3046 contemnimus,
280 2981 346 3034 nihil
360 3001 477 3037 curamus
484 3005 606 3056 ,susque
646 2991 707 3046 Iria.
718 2985 963 3062 Ἴδηπολνπίδαξ,
980 2990 1125 3064 πιὸἠεσσα.

58 3066 149 3135 deque
174 3067 314 3131 habemus3
338 3071 425 3135 oudo,
448 3073 605 3138 admorsu,

58 3170 112 3221 quo
133 3152 211 3221 pueri
236 3152 400 3208 delicatiores
419 3174 470 3209 non
487 3160 607 3236 calceati,
772 3121 960 3199 CARMEN
989 3143 1064 3202 XXI·

57 3238 107 3291 sed
120 3237 214 3289 scleeti
228 3237 392 3304 incedebant,
408 3245 541 3312 reserunt3
557 3250 606 3300 mi·
682 3219 720 3300 M.
731 3246 837 3301 Valerio
853 3247 983 3302 Messalae
992 3247 1120 3316 Corvino,
1138 3254 1185 3324 qui
1229 3231 1232 3245 Ι

56 3325 86 3377 hi
99 3324 226 3393 quidem
218 3342 245 3377 ιιι
257 3325 373 3395 epitheto
386 3331 456 3382 audo
463 3334 557 3402 ,quod
571 3335 605 3389 ad
645 3333 739 3388 Horat'
721 3339 757 3385 tro
771 3351 801 3386 se
810 3331 855 3391 dre
862 3332 969 3402 quadarn
982 3333 1091 3416 apud
1059 3353 1116 3388 eum
1124 3355 1196 3424 coe-¹

56 3416 179 3464 ornatum
192 3413 324 3478 pertinet,
343 3415 412 3467 haud
434 3420 588 3486 urgenda
562 3438 604 3474 ιι
621 3415 765 3473 naturum
797 3437 856 3471 esse
893 3419 1041 3488 promisisse
1069 3420 1182 3490 videtur,

56 3499 152 3551 detur
166 3478 364 3564 significationis
390 3507 547 3574 proprietas.
567 3536 604 3550 -
645 3502 858 3577 qualevinumin
872 3505 928 3559 eius
941 3505 1062 3559 honorem
1078 3505 1127 3560 hoc
1140 3503 1206 3565 dia'

55 3603 180 3653 sparsum
200 3585 318 3639 odoratis
339 3587 473 3644 humerum
490 3598 601 3663 capillis,
645 3591 695 3645 sibi
723 3589 862 3645 laetissimo
895 3591 1125 3662 suppeditaturus
1136 3597 1181 3662 sit,
1194 3613 1197 3622 ·
1264 3619 1265 3623 ¹

54 3668 81 3720 h.
103 3687 128 3720 e.
151 3669 302 3736 humerum,
336 3689 416 3743 super
437 3695 487 3747 quo
514 3683 602 3751 capilli
643 3677 703 3736 hoc,
717 3677 829 3730 carmine
846 3678 954 3732 indicat.
987 3677 1095 3744 Testem
1109 3697 1181 3736 ueru-

55 3753 198 3822 unguentis
221 3754 330 3810 delibuti
350 3759 510 3818 defluebant.
544 3769 601 3820 Hc·
625 3781 692 3834 pe,
711 3781 779 3833 quae
796 3765 883 3820 vinum
895 3763 1037 3820 Massicum
1051 3781 1102 3818 uno
1114 3757 1195 3822 ιιιιοΙ

53 3841 150 3892 ratium
167 3839 281 3921 imitatus
296 3849 337 3897 est
349 3845 461 3902 Ovidius
473 3852 546 3906 Fast.
563 3855 600 3910 ΙΙ.
641 3868 727 3925 secum
748 3856 837 3904 natum
863 3858 969 3918 servet,
992 3850 1194 3924 depromemus,

53 3927 118 3980 509.
142 3927 205 3980 toas
223 3929 350 4012 odoratis.
360 3933 478 3987 humeros
488 3927 599 4004 perfusa
642 3939 669 3989 et
683 3937 735 4001 sic,
754 3937 844 4006 quanti
853 3939 991 4016 Messalam
1003 3952 1074 3992 suum
1088 3940 1179 4007 faciat,

53 4013 160 4080 cupillis
173 4014 404 4071 Maeonis-leni
414 4037 599 4076 recreareucu·
640 4024 797 4094 probaturus
819 4031 869 4076 est.
915 4025 974 4088 Quo
998 4025 1102 4094 quidem
1116 4027 1193 4102 vin'c·

51 4105 95 4162 to,
112 4098 220 4151 flabello
235 4101 277 4152 vel
291 4103 388 4156 tabella
395 4105 527 4179 adhibita3
540 4108 612 4178 ,ια-ζ
639 4109 706 4162 satis
726 4109 899 4163 commendato
916 4110 943 4162 in
962 4110 1107 4164 universam
1124 4103 1196 4166 vini¹¹

52 4183 223 4244 bellumenim
237 4188 499 4258 retrabetlapidtv.
506 4197 596 4250 Heius.
638 4195 740 4248 laudem
759 4197 809 4264 (cf.
829 4214 900 4265 supr.
915 4196 935 4248 Ι.
951 4193 1005 4264 18.)
1021 4190 1176 4265 digreditur,

51 4270 85 4320 ad
101 4269 184 4324 Ovid
207 4275 265 4326 Art.
285 4270 596 4346 A.l.161.)adinstru-
638 4282 692 4335 ιι·
684 4283 767 4353 rpsius
785 4283 915 4336 Messalae
934 4281 1023 4335 laudes
1040 4284 1178 4338 scitissime
1217 4279 1219 4286 ⁵

50 4361 139 4408 menta
161 4359 326 4427 pertinebat,
349 4376 417 4430 quae
439 4367 613 4425 mollioribus²
637 4383 696 4424 cum
715 4369 760 4426 illa
782 4369 976 4440 coniungit.
942 4369 1043 4422 De
1054 4367 1176 4436 Messalis,

91 4441 212 4510 Horat.
234 4446 332 4512 Doer.
356 4449 392 4515 Τ.
413 4452 440 4517 Ι.
790 4505 792 4509 .
944 4458 973 4536 Q
1119 4485 1124 4522 ι
