2692 4850
349 264 954 368 nrooouurnuacanuu.
1041 230 1042 233 Ὺ
1143 246 1209 355 aaa
1285 265 1289 279 ‘

111 452 254 559 *Nsrdo
270 457 491 549 perunctum,
514 452 619 545 quale
641 474 711 524 non
734 442 920 557 perfectius
984 551 986 556 Ι

130 612 133 616 ,
289 556 395 629 Meae
417 558 604 627 laborarint
627 565 755 631 manus.
786 596 839 614 -
909 582 912 605 ¹
1083 604 1090 609 -
1156 560 1210 635 bu

132 659 230 749 Quid
253 659 405 731 accidit?
429 672 500 732 cur*
514 660 591 729 dira
614 660 783 731 barbarae
806 659 934 733 minas

290 762 431 832 Venena
456 761 607 831 Medeae
630 764 755 851 vdent,

132 862 266 951 Qailsas
290 865 471 955 superbam
495 864 586 955 fugit
603 863 683 933 ¹ulta
707 863 879 956 pellicem,

289 964 415 1059 Magni
440 964 595 1038 &contis
610 967 736 1051 filiam,
994 972 997 983 '
1095 1030 1097 1035 ,

116 1058 252 1154 'Quum
275 1069 389 1161 palla,
413 1068 496 1140 tabo
520 1092 642 1140 munus
663 1070 836 1151 inbutum,
862 1088 987 1139 novam
1059 1076 1061 1083 “
1156 1064 1224 1141 65

289 1171 452 1243 Incendio
477 1182 619 1265 nuptam
644 1171 807 1243 abstulit?
875 1204 878 1211 ·

132 1270 241 1365 arqui
264 1298 330 1346 nec
354 1274 481 1360 herba,
505 1298 571 1345 nec
593 1278 701 1345 latens
725 1278 761 1345 in
784 1271 913 1371 asperis

241 1422 244 1426 ,
288 1378 403 1450 Radix
427 1378 553 1449 fefellit
576 1402 633 1451 me
656 1379 755 1460 locis.¹

78 1640 147 1697 baro
167 1660 198 1700 a„
207 1643 339 1715 Sume,
361 1631 493 1719 neuuitiae
506 1665 570 1704 suae
583 1649 625 1704 oi·
664 1652 710 1705 etu
722 1639 800 1721 plena
809 1646 837 1702 ln
848 1630 981 1701 haeciere
991 1646 1073 1703 rerba
1084 1644 1207 1725 erumpite

78 1724 184 1783 ficiaam
203 1731 337 1809 habebant
365 1734 532 1800 meretrices3
561 1734 625 1789 hine
663 1774 684 1804 ,‚
693 1736 764 1801 Quid
790 1735 894 1790 undem
918 1734 1037 1799 acciditf
1055 1750 1103 1811 cur
1123 1734 1207 1787 minus

79 1814 252 1883 spudblart.
273 1820 320 1874 VI.
339 1822 383 1877 66.
403 1838 429 1875 v.
452 1822 478 1877 1.
496 1838 570 1892 seqq.
591 1821 625 1876 de
664 1838 733 1875 nune
749 1820 802 1876 vim
824 1836 894 1875 suam
909 1824 1033 1874 exeemnt
1045 1812 1208 1874 renenaali·

77 1898 211 1969 praecohe
237 1906 348 1973 puellam
365 1908 507 1962 vendente:
523 1909 625 1963 Fcnsne
664 1924 695 1961 as
712 1906 912 1962 efficacissimal
938 1904 1016 1976 Atqui
1035 1920 1084 1973 ego
1097 1892 1208 1959 cunina

78 2004 133 2040 sos
151 1986 260 2043 nisam
279 1986 362 2046 bonae
376 1997 509 2063 Mass,
528 1996 624 2061 watra
663 1982 802 2067 herbanum
828 1996 1013 2047 venenatarum
1041 2006 1096 2044 sum
1122 1990 1209 2045 seien-

79 2072 109 2125 in
128 2074 218 2127 taedio
236 2078 327 2134 sedent
339 2081 471 2147 sueno,
491 2082 625 2136 Vendebat
661 2078 779 2133 tissima!
796 2078 972 2134 Nihilominus
986 2078 1072 2130 Varus
1087 2076 1211 2132 indormit

79 2160 159 2213 nodo
171 2177 269 2230 praem
291 2166 434 2221 Gallicanus.
451 2166 488 2221 cf.
502 2165 577 2220 Pera
589 2167 623 2220 V.
665 2180 735 2219 nunc
748 2165 857 2220 omnium
869 2164 989 2235 pellicum
1002 2162 1138 2228 subilibus,
1155 2176 1211 2217 me·

78 2246 124 2301 32·
147 2275 183 2288 -·
204 2250 290 2308 nardo
307 2261 437 2321 pernen
451 2280 487 2294 —-
501 2270 624 2323 perum
666 2251 793 2307 dicamine
808 2251 883 2323 quasi
897 2250 994 2323 aliquo,
1012 2248 1080 2320 quod
1095 2249 1145 2303 mei
1161 2249 1210 2303 ob-

79 2332 143 2385 dura
164 2333 276 2389 Canidia
295 2352 347 2391 non
362 2337 467 2408 proprie
484 2344 625 2407 unguenta,
664 2337 787 2393 livionem
808 2336 932 2403 inducat,
957 2335 1105 2390 inlectiai“
1132 2336 1210 2408 Apud
1282 2376 1284 2387 .

79 2416 253 2489 quibasalias
267 2421 383 2476 homines
404 2424 568 2478 venustiores
582 2425 624 2478 sel
666 2426 803 2497 Virgilium
815 2441 920 2497 quoque
933 2422 1027 2492 Elelog.
1040 2422 1112 2477 Vill.
1127 2440 1209 2479 vene-

77 2504 205 2559 ridiculos
217 2507 284 2562 adeo
297 2525 373 2562 senes
385 2509 622 2579 (ef-Plaatcasiu.
664 2512 715 2566 lica
736 2511 775 2565 ita
795 2529 899 2566 carmen
922 2525 995 2564 suum
1019 2509 1154 2575 decantat,
1180 2514 1211 2564 ut

78 2590 139 2645 Act
151 2591 186 2644 11.
201 2593 246 2658 Se.
259 2594 300 2662 3.)
318 2595 413 2664 puellis
425 2597 547 2666 placendi
559 2615 623 2652 cau·
664 2603 784 2652 eventum
796 2597 981 2652 incantationis
994 2596 1167 2665 exspectando
1180 2595 1210 2650 in
1224 2617 1227 2622 Δ

77 2693 110 2730 sa
136 2695 166 2732 se
185 2679 325 2734 delibuis'se
340 2688 461 2749 constat,
486 2682 532 2736 sed
555 2684 622 2737 satis
660 2684 889 2739 mediastuticus
914 2683 1103 2753 aliquantisper
1121 2683 1208 2736 subsi-

78 2763 149 2818 salse
168 2773 309 2819 venenatas
328 2767 432 2835 herbar,
465 2786 574 2840 quarum
595 2769 624 2823 vi
664 2776 734 2836 stat3
753 2769 936 2826 aie'enimilla
953 2785 982 2823 r.
997 2763 1056 2825 10'1.
1073 2770 1209 2822 Fertina-

77 2865 149 2903 nuac
169 2849 262 2903 adduci
283 2850 397 2906 debebat
418 2855 520 2922 Varus,
545 2856 625 2908 intel·
663 2875 723 2920 rea,
739 2859 885 2928 Amurplti,
897 2859 993 2925 foros,
1011 2857 1208 2925 doopaefloen·

77 2935 310 3001 leaissesidetur‚
326 2937 391 2991 alias
403 2957 455 2992 uon
468 2940 624 2996 addidissett
664 2945 689 2998 tr·
710 2945 845 3014 Troasque
862 2952 941 3014 caput
958 2945 1030 3006 iure,
1056 2958 1103 2994 neo
1120 2959 1208 3010 respe-

76 3050 122 3095 -Ι
133 3022 211 3092 quale
229 3039 281 3074 aon
304 3026 405 3091 perse
416 3028 509 3079 etiae
529 3028 577 3097 (h.
597 3047 621 3082 e.
663 3031 748 3092 nerlu
764 3031 808 3084 his
825 3047 876 3102 ego
895 3029 1020 3098 Daphnin
1036 3027 1208 3097 Adgrediar,-

77 3107 228 3176 efiicacius)
259 3108 358 3161 Meae
386 3111 533 3167 laborarint
548 3133 623 3168 mc·-
662 3113 714 3167 iam
737 3122 876 3184 exspectat
895 3117 1047 3168 redeuntem
1079 3113 1112 3166 ab
1141 3113 1208 3166 urhe

77 3213 153 3261 nne,
172 3193 284 3246 Canidia
298 3193 374 3259 enim,
392 3202 424 3250 ut
434 3199 621 3263 venefica,non
662 3187 801 3268 Daphnin,
820 3195 866 3269 qui
879 3215 935 3252 enm
949 3199 1105 3270 interposita
1119 3197 1208 3268 aliqua

77 3280 203 3345 nardum,
220 3281 267 3334 sed
281 3296 380 3334 venena
395 3284 508 3352 parabat
525 3285 620 3337 misee-
660 3297 735 3337 mora
755 3299 808 3349 non
829 3283 960 3349 venisset,
977 3291 1031 3338 tum
1046 3285 1144 3338 demum
1158 3283 1207 3337 ad-

77 3367 186 3436 batquc,
203 3383 253 3420 nec
272 3367 350 3422 facilc
363 3369 480 3433 nardum,
497 3386 620 3442 quoper-
661 3369 716 3423 dite
733 3370 802 3422 nibil
818 3372 864 3424 sue
884 3355 963 3433 deos,
981 3371 1019 3423 nii
1032 3369 1150 3422 earmina
1163 3385 1208 3420 cu-
1240 3439 1242 3444 Ι

8 3459 9 3464 ’
77 3460 174 3506 anuas
198 3453 379 3517 meretricibus
409 3456 497 3526 placet
525 3455 620 3522 Varus,
659 3461 761 3509 rut.-··
776 3473 821 3510 carr
834 3457 895 3510 dire
906 3471 1005 3508 venenu
1017 3455 1207 3520 Mederiacum

78 3539 317 3609 eisuppeditatura
331 3543 432 3597 luisset.
661 3541 760 3597 Medea
795 3557 824 3596 ae
863 3547 997 3613 comparat
1022 3539 1149 3606 Canidia,
1180 3544 1208 3594 et

101 3643 139 3679 s·
162 3629 195 3682 61
217 3653 254 3667 -
271 3629 314 3684 70.
340 3631 410 3696 Quid
432 3629 551 3685 ueridh?
574 3646 621 3684 carr
662 3645 740 3699 quam
760 3627 833 3683 illins
852 3641 951 3682 venena
969 3627 1021 3681 sim
1033 3626 1209 3681 habuisseie-

77 3717 144 3765 cett.
185 3712 247 3765 Non
267 3729 319 3769 une
338 3721 429 3769 tencre
449 3717 516 3770 haec
536 3715 621 3769 omnia
663 3718 772 3782 rantur,
785 3711 896 3780 bardam
912 3715 966 3768 anis
983 3729 1086 3784 quoque
1099 3713 1208 3766 venemo

75 3798 281 3870 pronunciasse,
304 3801 350 3854 sed
375 3802 517 3855 oraticnem
538 3802 621 3856 inter·
662 3801 797 3867 uindicat,
821 3801 861 3856 uti
879 3799 998 3854 venefica
1022 3797 1093 3869 apud
1117 3799 1209 3852 Theo-

76 3885 154 3951 dum,
177 3892 209 3938 at
225 3902 269 3937 res
287 3885 405 3952 larebat,
430 3887 564 3941 Canidiam
578 3887 621 3940 in·
663 3887 825 3945 crit.2.15.
852 3877 1208 3956 dippmdroid'icdot·
1312 3880 1316 3889 ’

75 3970 196 4025 hibuisse
208 3977 282 4040 puta.
305 3971 471 4043 corrigitur,
489 3970 622 4043 compres·
663 3987 700 4027 σα
719 3969 791 4041 μήτε
808 3991 836 4025 τι
850 3975 954 4043 Κίρκης
966 3971 1047 4043 Mrjse
1059 3991 1087 4026 ss
1100 3972 1208 4042 Μηδεί-

75 4074 108 4112 sa
134 4056 185 4110 iam
214 4057 403 4128 aliquantisper
428 4075 494 4111 roca
515 4058 621 4124 Varum,
663 4053 780 4128 αςμῆτε
798 4055 1089 4128 ξανθᾶςΠεριμήθας.
1102 4061 1207 4112 *bar-

76 4160 154 4214 qnem
166 4134 244 4198 adse
262 4145 404 4198 rediturum
424 4163 482 4200 esse
495 4162 620 4214 sperave-
662 4147 754 4212 burne,
773 4143 921 4207 Colchicae.
934 4173 968 4188 -
982 4147 1118 4214 superbam
1126 4145 1207 4214 pelti-

75 4236 136 4296 rat‚
167 4231 269 4284 lrmtra
294 4237 472 4308 exspectasset
492 4217 618 4296 Camdiat
661 4249 731 4297 earn,
746 4231 876 4284 »creusam
890 4248 912 4284 a„
926 4230 1059 4300 Glaucen,
1077 4229 1110 4283 ob
1124 4230 1206 4282 hono-

75 4323 131 4371 tum
143 4314 189 4371 illa
202 4333 290 4372 morae
306 4316 442 4387 impatiens
456 4322 485 4370 et
499 4315 619 4386 indigna·
659 4335 732 4383 rem,
749 4333 802 4389 qno
814 4318 847 4372 ab
859 4315 951 4371 Iasone
972 4313 1206 4385 Medeaspreelata

75 4400 617 4461 tioneduaaciacantnticnissaaeaffa·
657 4404 763 4472 tuerat,
785 4401 921 4478 neguitiae
941 4419 971 4458 se
988 4417 1057 4458 nune
1076 4399 1205 4460 estoltea-
1277 4476 1282 4484 Ι
1337 4447 1339 4494 p
