2692 4850
455 164 817 292 ''uurua

96 397 116 472 ’,
212 399 331 466 Graeci
348 387 482 488 (hiidem
496 397 557 485 bos
571 399 619 474 ita
633 384 796 488 iunguht,
816 409 858 466 ut
872 399 992 466 ultim
1007 397 1136 489 syllaba
1147 420 1264 468 mem-

211 507 265 574 bri
279 506 419 596 prioris‚
441 503 581 594 perinde
597 507 690 596 quasi
705 508 876 594 integrum
891 506 1021 573 claudat
1038 529 1190 591 versum,
1225 516 1265 575 et

124 682 128 694 ,
178 617 179 623 ’
211 613 322 680 brevis
350 625 382 680 et
407 607 506 699 longa
535 636 603 680 esse
631 626 664 679 et
684 612 814 680 hiatum
837 636 973 703 quoque
993 612 1124 683 efficere
1143 628 1263 704 queat.
1337 658 1339 680 .

209 711 341 792 Contra
360 719 518 804 Horatius
536 743 595 786 uec
615 719 737 810 pedem
760 721 919 792 creticum
938 754 1007 780 -u·-
1020 742 1134 808 nequet
1146 744 1265 810 spon-

121 829 124 838 '
212 827 313 892 deum
325 827 372 914 ‘in
393 837 513 914 quarto
528 823 603 892 loco
620 828 735 914 posuit
747 850 855 916 neque
868 827 963 893 hiatu
978 849 1058 892 usus
1073 840 1137 907 est3
1164 820 1264 895 ideo-

204 925 278 1022 'que
304 917 369 998 boc
397 944 545 999 metrum
566 933 790 1001 Horatianum
814 959 834 1000 a
853 935 1070 1022 subsequenti
1093 955 1299 1001 versuum

212 1065 332 1147 genere
351 1051 639 1129 asynartetornm,
667 1041 755 1110 inter
773 1061 882 1132 quos
878 1064 1051 1111 numerari
1041 1041 1182 1162 solet,
1191 1063 1265 1110 ex-

212 1135 412 1214 cludendum
428 1146 571 1215 videtur.

211 1252 293 1325 Est
284 1277 319 1321 rn
331 1267 442 1324 metro
459 1253 534 1322 XII

440 1445 466 1512 f.
494 1439 656 1514 Versus
678 1429 975 1550 asyncrt'eth

214 1585 338 1650 Versus
356 1583 535 1670 asynarteti
559 1577 843 1669 (ἄσυνᾶρτητο
855 1584 881 1667 ι)
907 1607 933 1650 s.
949 1581 1126 1650 inconnexi
1141 1581 1262 1648 nomi-

128 1703 252 1758 nantur
275 1691 333 1776 qui
359 1690 501 1756 duobus*
519 1702 577 1756 aut
598 1690 754 1779 pluribus
780 1690 941 1756 membris
966 1699 1135 1778 constant,
1170 1710 1263 1776 quae

32 1863 53 1876 „
126 1811 240 1866 tamen
263 1798 350 1864 inter
370 1821 405 1864 se
429 1821 499 1867 uon
522 1799 627 1886 magis
649 1814 801 1864 connexa
825 1809 904 1862 sunt
924 1819 1027 1883 quam
1048 1819 1162 1863 versus
1176 1820 1260 1862 cum

116 1927 239 1976 ¹versu.
283 1904 457 1992 Cuiusque
472 1905 578 1992 igitur
599 1903 745 1971 membri
759 1904 880 1999 ultima
897 1903 1024 1992 syllaba
1038 1905 1155 1970 eodetn
1171 1907 1262 1986 iure,

128 2021 170 2079 ac'
183 2013 210 2082 si
223 2021 305 2078 esset
319 2012 439 2076 ultima
451 2035 581 2092 versus,
604 2023 636 2077 et
652 2011 752 2099 longe
766 2024 798 2078 ct
811 2012 919 2080 brevis
937 2034 1005 2076 esse
1019 2023 1130 2100 potest
1146 2035 1262 2099 neque

127 2121 271 2188 eliditur.
315 2119 388 2184 Hoc
408 2139 564 2184 versuum
586 2142 690 2206 genus
709 2121 868 2185 invenisse
891 2117 1108 2184 Archilochus
1124 2120 1259 2185 dicitur.

64 2218 67 2224 .
127 2224 152 2296 d
168 2229 284 2296 multis
301 2227 429 2293 Horatii
445 2225 624 2291 editoribus
637 2226 758 2312 singuli
771 2245 884 2293 versus
895 2219 931 2290 in
948 2224 1046 2290 binos
1062 2226 1261 2293 dividuntur

125 2338 220 2419 illos,
250 2357 294 2402 ex
319 2333 444 2421 quibus.
458 2332 635 2426 compositi
648 2343 737 2396 sunt.
780 2330 824 2397 Et
837 2353 932 2412 sane,
954 2343 994 2398 ut
1006 2333 1172 2399 Gesnerus
1186 2322 1260 2396 'ob-

126 2445 253 2525 sdrvat‚
282 2440 551 2509 commodissima
574 2454 657 2505 esset
680 2440 807 2505 divisio.
850 2439 1048 2505 Sed'acriter
1062 2464 1126 2529 pro
1142 2463 1260 2507 versus

126 2553 453 2640 integritate'pugnat
466 2544 645 2627 Bentleius,
655 2547 906 2637 Hephaestionis
915 2546 1127 2635 aliorumque
1139 2549 1261 2613 Grum-

126 2664 328 2727 maticorum
343 2654 537 2723 auctoritate
551 2652 667 2720 fretus.
698 2654 749 2720 Cf.
763 2677 858 2721 num.
881 2654 1086 2721 antecedens.
1120 2654 1175 2719 Ex
1188 2654 1260 2720 Ho-

126 2770 212 2835 ratio
226 2767 293 2832 hnc
305 2764 490 2854 pertinent:

63 2926 70 2935 l
127 2944 180 3011 20.
218 2940 343 3003 Versus
365 2930 585 3019 elegiambus‚
616 2932 823 3020 compositus
841 2950 966 3020 nempe
979 2952 1023 2997 ex
1036 2928 1165 3016 elegiaci
1181 2951 1276 2997 ver··

202 3040 268 3111 ¹sus
284 3040 423 3107 dimidio
437 3063 463 3103 5.
482 3039 743 3128 penthemimeri
761 3038 921 3126 dactylica
934 3037 1042 3126 (num.
1056 3038 1121 3123 14.)
1137 3050 1169 3104 et
1183 3048 1260 3105 Ver-

196 3172 254 3219 'su
269 3148 411 3225 iambico
426 3146 568 3213 dimetro
584 3148 759 3214 acatalecto
774 3148 881 3233 (num.
894 3147 949 3230 2.).
961 3195 971 3229 Ι.
991 3203 994 3206 .

297 3296 305 3318 ι
545 3286 555 3307 ’
697 3287 700 3290 ’

120 3371 123 3379 ¹
161 3300 239 3375 :uu
284 3342 364 3369 -νν
416 3350 440 3364 ι·
497 3341 562 3367 ναι
599 3334 649 3369 υ,-
708 3342 758 3379 Vf-
791 3333 860 3370 9,..

512 3400 554 3461 Ιό
769 3429 813 3458 s'

396 3485 434 3523 γ
499 3492 567 3509 -ιι
707 3495 731 3511 ι.
759 3494 784 3507 «-
852 3476 892 3506 ‚⁴

167 3584 315 3655 Desinet
302 3584 524 3673 timporibus
540 3566 670 3651 certare
686 3582 861 3650 submotus
874 3581 996 3672 pudor.
1021 3582 1084 3671 ΕΡ.
1107 3591 1159 3663 11,
1183 3588 1236 3653 18.

53 3675 55 3686 ¹
171 3692 300 3761 Libera
317 3690 472 3758 coneilio
477 3715 539 3759 nec
556 3692 784 3759 contumeliae
790 3712 927 3783 graves
949 3690 1058 3780 Epod
1075 3699 1132 3773 11,
1153 3698 1206 3762 26·

139 3800 317 3876 Inachia
328 3796 448 3887 furere
463 3823 503 3891 sy
503 3800 746 3869 lvishonorcm
760 3798 898 3866 decutit
921 3790 1029 3889 Epod.
1045 3806 1104 3877 11,
1127 3798 1157 3868 6

60 3903 63 3905 ’
167 3906 367 4018 Fervidiur'c
394 3928 492 3975 mero
524 3924 657 3975 arcano
681 3916 872 4006 Wprcmorat
902 3906 974 3971 icco
1003 3905 1100 3991 (cum
1128 3899 1282 3986 hiatu).

994 4014 1257 4103 Ep0d11,1l

169 4122 256 4189 Est
246 4144 281 4187 rn
297 4130 408 4187 metro
425 4118 487 4187 XI.

130 4301 183 4364 21.
204 4293 327 4361 Versus
341 4288 540 4379 iambelegus
554 4292 762 4383 praecedenti
776 4291 914 4376 similis,
924 4374 928 4377 .
938 4291 1002 4361 uisi
1019 4290 1110 4379 quod
1119 4286 1257 4389 iprerso
