2692 4850
90 1287 97 1298 ·
238 1243 329 1376 '¹
389 1253 866 1354 PRAEFATIO

211 1397 624 1538 notato-nto
676 1468 1041 1554 quaerar.

61 1737 196 1842 Haeo
215 1768 426 1870 quartum
442 1737 628 1872 repetita
642 1750 817 1838 Horatii
834 1753 1088 1867 carminum
1099 1749 1191 1868 [γέ

62 1905 258 1990 nieorum
289 1901 436 1988 Editio
470 1905 574 1992 ideo
605 1904 902 2023 praeferenda
932 1922 996 1990 est
1021 1905 1189 2010 tertiae,

63 2057 183 2168 quod
202 2073 392 2173 purgata
415 2073 478 2140 est
498 2057 614 2140 vitiis
636 2054 991 2174 typographicis,
1022 2053 1189 2168 quibus
1233 2059 1238 2066 “

58 2208 134 2292 illa
152 2207 343 2323 turpiter
359 2224 511 2303 scatet.
572 2203 760 2312 Quoties
786 2222 941 2290 autem
954 2204 1189 2291 Horatium

64 2386 211 2443 meum
229 2358 397 2473 relege,
427 2357 556 2443 toties
579 2356 627 2443 in
646 2359 750 2444 loca
765 2358 916 2485 minus
930 2373 1048 2445 reete
1068 2384 1096 2443 a
1113 2385 1187 2443 me

67 2508 287 2594 intellecta
306 2526 346 2593 et
365 2509 565 2626 exposita
590 2510 793 2596 incidere
810 2511 952 2595 ¹soleo.
1014 2503 1189 2614 Quem·
1317 2550 1323 2562 ¹

66 2660 307 2745 admodum
325 2661 460 2777 igitur
479 2690 532 2747 ea
548 2662 596 2747 in
610 2664 698 2747 hae
718 2679 878 2777 quarta
892 2660 1066 2746 Horatii
1074 2659 1188 2747 'Edi-
1269 2635 1288 2772 *x

68 2812 178 2900 tione
206 2812 370 2909 rectius
398 2814 708 2900 constituenda
738 2830 780 2897 et
808 2782 1077 2929 explicanda
1109 2841 1188 2898 cu-
1290 2781 1297 2795 „

66 2963 178 3070 ravi3
227 2960 375 3079 (nam,
412 2979 464 3047 ut
488 2962 698 3049 Horatius
724 2964 785 3048 ait
809 2962 946 3081 Epist.
963 2962 995 3047 l.
1022 2972 1089 3055 lu
1114 2973 1185 3054 24,

67 3112 300 3200 Stultorum
324 3121 524 3231 incurata
546 3114 683 3227 pudor
710 3102 870 3218 matus*
884 3117 1028 3200 ulcera
1051 3118 1183 3235 celat)

66 3263 124 3349 ita
141 3267 233 3374 illa,
265 3295 380 3381 quae
397 3267 571 3352 acutius
588 3266 797 3355 videnmt
811 3267 901 3376 alii,
922 3266 1121 3353 modeste
1135 3268 1186 3353 in

67 3444 153 3505 rem
168 3447 322 3505 meam
337 3416 551 3505 vertenda
568 3420 735 3547 putavi
793 3418 846 3505 Id
859 3418 1030 3505 faetutn
1043 3418 1186 3536 inpri-

20 3616 21 3625 t
68 3570 143 3653 mis
162 3587 226 3656 est
243 3570 292 3653 in
308 3568 512 3655 Edition'e
529 3566 704 3655 Horatii
719 3568 909 3676 Minore,
935 3597 1064 3682 quae,
1082 3572 1185 3655 abs-
1266 3624 1270 3631 -

21 3730 24 3793 k
70 3732 172 3806 terso
191 3698 375 3828 sudore,
392 3712 530 3837 (mea
547 3721 667 3805 enim
696 3723 828 3839 eulpa
848 3721 986 3837 paulo
1016 3721 1182 3806 diutius

71 3873 145 3955 sub
168 3875 295 3990 prelo
319 3870 516 3990 sudavit)
542 3872 663 3957 viam
686 3872 746 3957 ad
759 3872 932 3957 Horatii
947 3889 1182 3980 amatores,
1201 3978 1210 3989 ί
1262 3896 1271 3920 ⁸

27 4055 34 4100 :
73 4018 224 4108 tirones
248 4023 467 4130 maxime,
505 4022 730 4108 adfectare
748 4022 1001 4110 meditatur.
1059 4023 1112 4108 In
1128 4051 1183 4109 ea

27 4113 38 4250 Ι
75 4176 271 4291 proposui
291 4175 404 4260 duas
423 4170 771 4281 emendationes,
811 4202 921 4288 quas
936 4175 1183 4261 memoravi

79 4344 239 4439 quoque
257 4328 327 4447 jin
355 4328 443 4413 hae
480 4340 639 4441 quarta
667 4325 775 4414 Hor.
806 4324 1027 4504 Edi-tione.
1091 4323 1180 4414 Pro

32 4439 49 4819 t
