2692 4850
250 875 504 1008 unrns
528 801 848 980 noscaris
871 845 1167 986 urmes.
1213 893 1254 907 ··

642 1183 650 1214 t

470 1369 922 1465 euoossssurs
956 1420 981 1449 ,.
1017 1373 1070 1434 ,·

139 1491 272 1601 Metro
279 1583 289 1618 ‚
321 1533 444 1622 quibus
466 1533 624 1602 Horatius
646 1536 682 1602 iu
704 1537 775 1604 odis
793 1557 872 1603 usus
888 1547 953 1618 est,
976 1497 1272 1628 exhibittiro'mihi

140 1643 252 1710 visum
277 1653 342 1724 est,
373 1643 586 1730 quorundam
614 1643 653 1710 ad
674 1667 749 1710 rem
765 1643 936 1712 metricum
948 1632 1191 1734 pertinentium
1206 1667 1272 1711 vo-

141 1749 344 1816 cabulorum
367 1751 521 1816 tironum
546 1753 694 1847 maxime
715 1773 809 1816 causa
828 1742 1040 1838 praemittere
1059 1749 1194 1843 brevem
1210 1773 1272 1815 ex-

140 1855 376 1945 plicationem,
399 1857 530 1922 omissis
544 1881 629 1946 quae
643 1859 775 1923 notiore
791 1880 860 1940 esse
877 1853 993 1921 solent.
1035 1844 1075 1941 In
1090 1839 1184 1951 quod
1197 1870 1272 1923 stu-

18 2043 25 2050 *
141 1963 237 2027 dium
258 1963 286 2028 si
311 1963 364 2028 cui
389 1963 485 2029 altius
506 1975 680 2054 penetrare
698 1966 731 2028 in
754 1964 865 2028 animo
879 1961 938 2041 siu·
956 1961 1038 2026 duce
1054 1971 1167 2028 utet‘ur
1181 1965 1274 2052 peri-

144 2069 274 2135 tissimo
296 2065 490 2137 Godofredo
510 2071 705 2138 Hermanno
729 2071 771 2137 V.
785 2067 834 2134 Cl.
850 2066 1047 2153 (Handbueh
1060 2071 1118 2136 der
1134 2071 1270 2138 Metrik.

140 2175 256 2264 Leipn.
272 2176 383 2265 1799.)
665 2264 669 2274 .

230 2283 356 2347 Versus
377 2283 536 2350 iambicos
561 2293 595 2351 et
619 2279 806 2347 trochaicos
825 2281 1044 2348 Grammatici
1070 2279 1275 2369 plerumque

142 2387 288 2481 dip0dll⁸
313 2391 501 2477 (διπθδὶαις)
524 2391 559 2457 h.
583 2413 609 2457 e.
634 2387 791 2462 binorum
809 2389 934 2478 pedum
950 2390 1095 2457 seriebus
1110 2388 1274 2470 (want

142 2496 241 2584 -0-v)
266 2500 466 2580 metiuntur,
496 2510 528 2565 et
545 2515 680 2566 versum
697 2496 842 2562 duarum
858 2496 1071 2587 dipodisrum
1085 2520 1112 2562 s.
1125 2516 1169 2561 ex
1184 2512 1274 2579 qua-

127 2616 225 2671 tuor
247 2604 390 2693 pedibus
414 2618 622 2671 constantem
646 2602 856 2689 dimetrum,
884 2638 928 2651 -
954 2603 1064 2669 tribus
1085 2602 1227 2692 dipodiis
1248 2624 1274 2663 s.
1328 2668 1334 2680 ,

141 2734 205 2777 sex
225 2712 366 2800 pedibus
390 2696 619 2777 constructum
643 2711 842 2776 trimetrum
867 2723 995 2777 vocent.
1038 2706 1161 2776 Versus
1184 2709 1274 2776 enim

141 2819 273 2885 iambici
295 2840 371 2884 cum
391 2818 426 2882 in
445 2818 527 2884 locis
538 2818 726 2909 imparibus
747 2815 894 2907 (primo,
921 2818 1021 2883 tertio
1043 2816 1119 2900 eet.)
1137 2838 1174 2883 uc
1195 2828 1275 2881 tro-

145 2926 247 2992 chaici
272 2927 306 2991 in
330 2922 467 3014 paribus
489 2923 665 3012 (secundo,
694 2924 828 3011 quarto)
842 2925 1037 3013 spondeum
1054 2924 1274 3012 haberepos-

143 3038 227 3114 sint3
261 3032 447 3120 rhythmus
471 3032 558 3097 idem
579 3041 659 3120 post
678 3030 825 3117 singulas
845 3032 983 3098 demum
1011 3032 1162 3121 dipodius
1176 3030 1273 3096 redit.

142 3175 186 3189 -
209 3139 267 3203 Sin
289 3160 366 3204 vero
383 3138 424 3203 de
441 3138 626 3225 dactylicis,
649 3137 880 3205 choriambicis
900 3116 1155 3227 oeterorumque
1168 3152 1278 3225 genes

142 3270 222 3313 rum
245 3224 391 3313 versibui
421 3246 583 3332 (exceptis
601 3256 711 3319 tamen
725 3248 961 3335 ›anapaesticim
995 3268 1143 3333 quorum
1164 3257 1272 3312 metra

144 3357 241 3421 etiem
264 3350 348 3421 κατὰ
368 3355 523 3421 deradice
544 3351 786 3441 dispescuntur)
810 3376 921 3421 sermo
947 3364 1010 3435 est,
1043 3352 1189 3418 dimeter
1206 3376 1271 3440 ap·
1315 3408 1320 3414 .

83 3535 88 3549 1
142 3460 290 3549 pelletur
314 3464 372 3548 qui
393 3460 526 3527 duobus
539 3492 581 3509 ·-
595 3459 753 3528 trimeter
772 3460 830 3548 qui
843 3460 949 3527 tribus
964 3463 1155 3529 continetur
1169 3462 1270 3552 pedi-

146 3570 207 3634 bus
220 3556 448 3656 simplicibus.⁸

86 3664 91 3671 ¹
231 3680 354 3743 Versus
370 3675 562 3741 catalectus
581 3674 706 3763 (στίχος
724 3670 938 3761 sardianos)
952 3685 999 3758 est
1011 3676 1103 3739 ossius
1120 3674 1195 3764 pedi
1211 3674 1270 3739 ul-

142 3788 228 3851 timo
248 3783 376 3872 syllaba
399 3781 496 3848 deest.
540 3782 574 3847 Si
603 3785 679 3871 pedi
700 3796 758 3848 aut
778 3782 952 3871 trisyllubo
973 3794 1032 3847 out
1051 3778 1267 3871 tetrasyllabo

145 3893 228 3958 duae
249 3890 397 3979 syllabae
417 3882 552 3968 desunt,
581 3910 696 3956 versus
706 3891 817 3957 existit
832 3888 1005 3955 eutnleotus
1016 3912 1060 3940 -'-
1075 3902 1133 3955 sut
1146 3892 1178 3954 iu
1192 3889 1268 3978 syl·
1298 3924 1302 3935 ·

144 4000 252 4066 lebam
268 3998 373 4065 autin
390 3996 607 4084 disyllabum.

230 4107 355 4171 Versus
376 4102 696 4191 brachycatalectus
708 4115 758 4169 est
776 4105 827 4197 cui
845 4127 907 4193 „pes
924 4106 1051 4193 integer
1068 4105 1175 4181 deest3
1199 4126 1267 4169 non

147 4214 209 4279 nisi
223 4210 355 4279 inmbici
370 4226 402 4277 et
416 4208 572 4276 trochaici
587 4220 702 4304 versus
718 4210 990 4301 brachycatatccu
1002 4225 1099 4279 sunt.-
