2692 4850
121 258 186 323 stt
431 249 473 331 Q.
491 244 719 313 'HORATH
743 241 926 313 Flacci

282 426 423 508 Parcas,
440 443 513 493 neo
535 420 651 514 rigida
676 418 816 489 mollior
840 418 989 504 cesonio,
1064 454 1069 465 ⁴

279 530 353 599 Nec
377 528 506 597 Mauris
530 528 680 595 mom
700 524 817 593 mitior
839 523 1016 614 anguibus.

282 630 359 702 Non
382 618 456 705 hac
477 650 612 721 semper
635 628 701 696 erit
722 626 844 697 lins‘nis
867 634 927 693 sut
950 646 1058 715 aquae
1251 655 1255 664 ·

176 728 182 737 ’
541 730 703 805 Caelestis
727 730 858 823 patiens
875 730 980 799 latos.
1031 771 1037 782 ·
1200 724 1253 794 20

507 964 874 1042 osamnnrn
974 1064 986 1075 .

458 1138 546 1195 AD
620 1127 999 1191 LYD'BN.'

126 1366 134 1389 .
186 1300 188 1305 '
285 1242 479 1369 Mercuri,
504 1306 582 1351 nam
607 1292 642 1350 te
668 1278 787 1351 docilis
807 1277 970 1373 magistra
1047 1354 1055 1369 Ι

230 1462 234 1473 ,
285 1385 397 1455 Movit
420 1386 597 1477 Amphion
621 1383 755 1475 lapides
778 1381 945 1464 canendo,

287 1489 432 1579 Tuque,
457 1489 629 1575 Testudo,
654 1509 812 1557 rmonare
837 1496 970 1579 septem
1020 1578 1024 1583 ι
1100 1481 1104 1496 ’

133 1704 238 1772 anaor
254 1668 497 1777 autumares,
514 1706 558 1761 ar.
575 1706 616 1764 12.
631 1704 672 1757 re
713 1702 827 1757 rrarrrr
838 1702 1000 1773 mayrrrqra
1016 1695 1192 1763 recreaverit,
1210 1696 1258 1751 rc-
1339 1717 1340 1734 ι

130 1788 214 1845 lirin
236 1809 322 1847 amore
343 1794 435 1846 bontas
454 1795 576 1860 colnac,
594 1798 620 1843 et
633 1790 673 1843 in-
714 1807 746 1844 ra
760 1798 818 1843 arte
833 1790 866 1843 ad
879 1788 992 1843 fabulam
1009 1784 1155 1839 Danaidum
1170 1784 1197 1837 in
1209 1785 1258 1838 boc

17 1872 20 1879 '
135 1874 198 1941 felix
211 1875 238 1929 ln
253 1894 340 1931 amore
353 1876 675 1951 perircrcgittsdicitnr.
716 1875 830 1929 oermine
849 1876 898 1929 sibi
927 1872 1088 1927 tractandam
1119 1872 1258 1937 delabitur,

135 1962 280 2027 —Ps'erim
297 1960 435 2031 Thessala,
453 1982 469 2019 s
485 1962 678 2029 Pieria,Tbes-
717 1969 811 2031 utpote
829 1961 938 2015 consilio
960 1978 1005 2013 suo
1024 1959 1117 2029 Lyden
1131 1958 1166 2010 ab
1179 1956 1259 2009 animi

123 2047 216 2121 *uliae
237 2048 352 2119 regione.
383 2080 418 2091 -
448 2058 553 2113 most.
582 2048 678 2115 flectit,
704 2039 815 2100 ‘duritie
829 2046 979 2100 deterrendi
996 2046 1021 2099 ei
1033 2043 1158 2099 mollioris
1180 2044 1260 2096 animi

133 2134 287 2205 pervincere
300 2141 397 2206 potest,
407 2154 444 2205 sc.
455 2144 485 2189 ut
493 2134 677 2202 morientum,
717 2150 794 2185 sensu
814 2131 943 2186 imbuendi
961 2129 1258 2189 accommodatissimam.

137 2220 383 2291 quiesceremus,
400 2240 494 2276 morem
514 2240 598 2291 geras.
615 2240 677 2293 aop-
717 2218 804 2271 Cordo
825 2218 891 2272 enim
911 2218 993 2271 totius
1012 2215 1131 2271 carminis
1144 2217 1260 2270 vertitur

134 2307 247 2375 plicibus
261 2311 313 2364 tata
325 2325 431 2379 parcas,
450 2308 502 2361 noli
515 2316 600 2363 tamen
608 2326 677 2363 cam-
716 2303 775 2357 fere
787 2304 813 2357 in
829 2304 885 2357 bisc
904 2306 1035 2357 Otcstudo
1048 2333 1083 2342 -
1097 2304 1147 2356 Dic
1158 2304 1259 2365 modos,

59 2408 62 2413 ’
135 2390 258 2459 mittere,
275 2399 366 2466 ntego
380 2390 489 2463 supplex
504 2399 603 2449 amator
616 2402 678 2449 ante
719 2382 896 2462 irydcpocios
915 2392 1060 2445 obstinatos
1079 2391 1196 2462 adplicet
1210 2408 1262 2444 ca-

137 2465 280 2532 lorestn'as
294 2486 439 2550 prostratus
454 2497 567 2550 peream.
585 2498 677 2534 -nec
717 2484 776 2541 res,
800 2506 835 2517 -
856 2478 958 2531 Audiat
978 2477 1052 2546 lryde
1072 2477 1154 2530 scalas
1178 2486 1260 2547 ntqsa

137 2564 222 2634 rigid.
249 2565 319 2620 noll.
341 2584 408 2620 osse.
430 2574 493 2620 cett.
512 2585 528 2619 o
547 2571 592 2632 tu,
611 2584 679 2636 quae
717 2571 795 2616 notos
819 2564 956 2634 Virginem
971 2580 1073 2632 poenos
1092 2568 1156 2616 cett.
1181 2561 1261 2627 Quod

137 2663 206 2702 nunc
224 2667 254 2704 es
274 2667 323 2705 nec
341 2648 442 2707 mollior
459 2652 546 2722 rigida
563 2653 676 2718 aesculo,
719 2649 743 2702 si
755 2657 888 2716 muamus,
912 2647 1062 2717 neutiquam
1078 2649 1112 2702 de
1123 2664 1191 2700 nexo
1211 2649 1262 2701 bu-

136 2749 186 2788 nec
198 2736 285 2792 mitior
301 2739 411 2792 animum
424 2739 524 2794 Mauris
541 2740 679 2808 anguibus,
718 2734 760 2789 ius
774 2735 894 2790 carminis
908 2751 966 2788 cum
979 2735 1075 2788 Hamis
1100 2739 1128 2786 et
1145 2734 1205 2787 aliis
1221 2734 1263 2786 la-

137 2819 165 2874 h.
178 2839 202 2874 c.
215 2839 231 2876 o
242 2829 281 2888 tu,
300 2824 367 2895 qdae
380 2824 464 2878 adhuc
477 2825 612 2878 durissimo
621 2827 679 2878 ani·
718 2821 875 2887 borabimus,
892 2822 942 2875 imo
955 2827 1049 2892 poetae
1062 2821 1089 2874 in
1103 2819 1262 2876 adornandis

137 2921 179 2960 mo
206 2924 316 2964 amorem
345 2925 428 2962 meum
452 2908 610 2981 adspernata
637 2929 677 2964 cs.
718 2913 747 2963 et
761 2908 827 2961 scite
847 2906 915 2960 inter
933 2925 963 2961 sa
980 2906 1112 2962 necmndis
1125 2906 1175 2973 iis,
1192 2923 1263 2977 qnae

138 2991 258 3060 Mare,
280 2993 441 3048 saevioribus
461 2995 527 3049 enim
547 2995 677 3074 anguibus
718 2992 856 3064 primariae
876 2994 996 3048 carminis
1019 2993 1163 3047 renuntias
1183 3012 1263 3071 egra·

43 3088 47 3098 '
134 3079 254 3135 scatebat
264 3079 382 3154 inprimis
395 3080 562 3137 Mauritania.
665 3075 668 3083 ’
717 3072 954 3150 gia'respondent,
982 3084 1065 3134 artem
1084 3086 1112 3134 at
1129 3078 1263 3150 ingenium

529 3173 531 3182 ’
716 3161 907 3220 admirabimur.

56 3306 60 3312 .
285 3232 471 3290 fflMssN
500 3233 549 3290 Χῖ·
753 3253 899 3308 r.1-s.
915 3279 952 3292 -
967 3269 1030 3305 aar·
1046 3259 1072 3306 cr
1093 3251 1171 3304 arro.
1186 3269 1263 3323 arg.

175 3335 213 3390 vt
225 3335 252 3390 in
271 3339 383 3393 carmine
395 3339 565 3394 antecedente
580 3339 682 3412 Lycen,
721 3355 790 3393 otoo.
807 3337 900 3407 Asopis.
918 3339 972 3408 lap.
991 3355 1050 3390 cca.
1074 3354 1123 3406 pro
1142 3336 1264 3407 vulgaria

138 3418 213 3476 itain
228 3421 367 3493 bocppcta
378 3426 486 3496 Lyden,
511 3425 620 3496 pucilam
632 3443 682 3498 pa·
721 3441 831 3494 namque
849 3430 940 3494 potes,
974 3423 1026 3492 (sc.
1051 3422 1139 3476 modos
1162 3421 1264 3489 dicere,

139 3507 206 3580 riter
215 3509 300 3564 adbuc
311 3527 429 3587 asperam
444 3518 471 3565 et
483 3512 596 3566 ferocius
611 3528 683 3566 ama·
723 3511 816 3582 quibus
829 3505 957 3564 durissimi
975 3507 1053 3561 animi
1068 3507 1145 3580 Lyde
1156 3526 1266 3563 morea-

140 3597 223 3648 lorum
241 3593 381 3649 blanditias
392 3605 571 3666 respuentem,
595 3595 682 3650 mitio·
723 3597 795 3666 tor‚)
820 3597 909 3666 posuit
934 3595 1075 3665 exemplum
1102 3595 1265 3666 Amphionis,

141 3697 195 3736 rem
208 3688 236 3736 at
250 3671 300 3736 sibi
315 3681 495 3753 procliviorem
507 3681 681 3736 redderentu-
723 3701 799 3754 quem
809 3681 969 3746 Mercurius,
987 3699 1081 3735 corone
1092 3683 1165 3751 lyrae
1174 3683 1266 3753 (supr.

139 3765 194 3825 det.
211 3765 244 3829 In
255 3774 343 3838 partes
357 3765 436 3838 igitur
449 3760 527 3822 vocat
542 3775 593 3822 tam
607 3769 681 3838 lyrae
719 3769 750 3833 Ι,
776 3772 818 3824 10.
837 3771 878 3838 6.)
898 3786 1011 3838 porcas,
1030 3775 1057 3821 et
1070 3767 1127 3836 lyra
1140 3767 1264 3832 donasse,

138 3850 307 3920 inventorem,
318 3847 486 3920 Mercurium,
503 3872 579 3926 quam
596 3855 679 3925 ipsam
722 3862 750 3910 et
765 3857 822 3926 eius
847 3863 925 3908 cantu
944 3853 1045 3923 lapides
1069 3853 1134 3907 adeo
1156 3845 1266 3931 movere

137 3937 234 4008 lyram,
257 3937 446 4010 constansque,
475 3941 599 4012 quomodo
620 3939 680 3994 dul·
721 3941 842 3995 docuisse
857 3939 995 4005 traditum
1018 3939 1094 4002 bine,
1111 3956 1167 3992 mm
1178 3937 1266 3992 illein

139 4025 241 4088 chaino
254 4026 310 4078 eius
322 4022 584 4096 cantuOrpbeusnon
597 4024 678 4080 solum
719 4026 882 4082 exstruendis
900 4026 979 4080 muris
996 4025 1131 4080 Thebanis
1144 4025 1202 4094 lyra
1217 4042 1266 4078 ca·

139 4129 232 4165 saevas
252 4111 349 4165 bestias
375 4109 548 4182 mitigaverit,
572 4101 680 4165 arbores
721 4120 813 4178 neret,
830 4111 998 4182 lapidsseius
1018 4101 1096 4166 cantu
1107 4111 1169 4164 moti
1183 4127 1267 4180 spon-

140 4196 266 4251 accirerit
282 4203 310 4250 at
332 4195 468 4263 fluviorum
489 4213 591 4262 cursum
611 4191 682 4251 inbi-
721 4203 751 4252 te
769 4198 796 4252 in
816 4198 931 4252 ordinem
949 4215 1022 4252 snum
1040 4215 1070 4254 sa
1088 4197 1267 4267 composuisse

141 4279 237 4346 buerit,
253 4281 300 4334 sed
315 4279 680 4352 npudinferosquoquecer-
722 4285 873 4352 finguntur3
898 4283 953 4338 rid.
980 4281 1265 4353 sponsantes.

23 4425 26 4428 ,
135 4368 230 4454 ¹berum
252 4358 454 4422 aues'siavicar
471 4365 634 4435 demulserit,
652 4376 682 4424 et
722 4366 835 4426 esaan.
852 4367 901 4423 IX.
918 4365 1264 4440 normannensis.
