2692 4850
339 250 624 345 οιιιιιιιιιιιι
644 251 733 319 ιιι.
757 254 800 335 ιι,
820 262 853 325 r.
1049 350 1054 377 ί
1099 262 1165 329 ιιι
1236 208 1243 227 Χ

132 428 257 518 Sensi,
282 430 403 501 relicta
426 437 496 499 noir
519 430 610 500 beno
632 424 805 523 parmula3
1115 432 1169 504 lt)

194 538 310 624 Quum
334 535 443 605 fracta
468 534 601 619 Virtus,
627 544 663 602 nt
686 535 832 606 minaoos
1040 561 1043 580 ¹
1070 572 1075 583 ·

244 638 367 731 Turpe
388 638 500 707 solum
523 637 666 727 tetigere
691 648 817 707 mento.

135 740 216 812 sed
239 764 296 811 me
319 764 384 834 per
407 739 523 810 hostes
546 738 739 818 Mercurius
764 742 857 813 celer

136 845 259 915 Denso
283 853 465 937 paventem
488 843 619 913 sustulit
641 850 739 913 aire:

198 949 254 1019 Te
278 970 391 1019 rursus
416 948 452 1017 in
475 946 807 1029 bellumsresorbous
1052 948 1060 984 ·“
1115 940 1194 1049 45»

33 1182 90 1248 ait,
115 1182 246 1237 disertius
263 1200 334 1240 uuue
348 1188 428 1256 poeta
445 1183 599 1239 ‹leolumt'
628 1200 696 1255 ques
706 1182 734 1239 vi
748 1181 845 1239 maiore
856 1182 894 1238 ita
901 1180 1058 1255 deprimitur
1065 1183 1094 1235 et
1106 1198 1169 1237 oon-

31 1298 69 1310 ·-
81 1270 225 1341 Expertus
244 1290 315 1338 auur,
343 1272 444 1342 inquit,
474 1288 528 1325 unu
546 1276 589 1325 te·
628 1271 762 1336 tunditur,
786 1278 815 1325 ut
833 1270 958 1325 rsustsro
971 1270 1060 1323 sinon
1073 1270 1168 1323 valeat.

34 1372 95 1410 euur
103 1358 316 1412 iutelioemillarn
328 1348 589 1428 athbillpposffla-
628 1384 665 1397 -
676 1360 724 1411 sol.
740 1359 818 1427 totig.
834 1366 919 1411 monto
931 1356 1105 1427 provulgaris
1123 1374 1168 1410 oe-

35 1442 167 1495 oedouiae
186 1443 288 1511 urbem)
308 1461 435 1514 pugnam,
453 1443 515 1509 ubi,
532 1460 589 1497 oum
629 1444 765 1507 ciderunt,
786 1443 819 1496 uti
838 1450 934 1497 ῑειιιιιιι
955 1442 1080 1513 prostrati
1092 1450 1169 1509 suntr

36 1528 147 1581 sortiter
171 1535 319 1597 pugnantes
339 1546 390 1581 non
404 1528 512 1599 amplius
530 1546 589 1581 sus·
629 1530 709 1583 (insta
723 1528 901 1587 videturshaoc
922 1527 1042 1599 loquendi
1054 1531 1121 1583 ratio
1135 1549 1170 1585 ex

38 1613 124 1668 tinere
147 1620 258 1685 possent
274 1614 328 1667 viru
342 1613 470 1679 boatium,
489 1618 516 1676 et
530 1613 600 1667 vul:
630 1612 706 1669 Hom.
720 1614 750 1667 ΙΙ.
766 1614 800 1669 ΙΙ.
819 1612 879 1671 418.
897 1614 1020 1685 Πρηνέες
1033 1613 1063 1671 ἐν
1074 1618 1169 1689 κονίῃ-

37 1707 80 1753 tus
108 1701 141 1754 in
178 1707 276 1755 terram
299 1691 488 1770 prostrritornru
507 1699 587 1753 ruinas
629 1717 675 1757 ors
686 1698 760 1767 ’ὀδὰξ
775 1702 904 1766 λαζοίατο
919 1706 1011 1769 γαῖαν.
1032 1707 1060 1757 et
1072 1703 1169 1771 passim

39 1789 125 1841 adbuc
145 1788 261 1841 stiram
282 1785 309 1838 iu
332 1786 431 1839 bostem
459 1786 588 1855 exprime-
629 1788 702 1841 aiibi.
724 1814 760 1829 -·
783 1796 873 1855 turpe,
905 1788 1031 1857 sanguine
1054 1786 1170 1857 turpiter

38 1882 113 1938 rent,
133 1872 215 1940 inibi,
233 1879 262 1925 ut
289 1872 396 1925 salutern
411 1871 438 1925 in
452 1872 530 1925 oeleri
544 1873 588 1925 iu·
627 1872 1107 1945 pollutum.minuens,beueadurnbrat
1120 1875 1169 1926 rni-
1259 1884 1261 1893 ’

40 1978 75 2027 ga
89 1976 256 2030 quaererem,
274 1960 389 2029 parmula
402 1976 490 2028 paron
504 1959 587 2011 bono·
626 1961 704 2024 lites,
722 1959 766 2028 qni
782 1958 845 2010 forti
864 1958 946 2011 auimo
959 1957 1122 2023 oeciderunt,
1140 1968 1169 2014 et

39 2046 115 2099 rilice
128 2046 279 2100 abiicienda
289 2046 348 2099 fnit.
376 2047 479 2098 Sentiro
491 2044 586 2114 pirarius
626 2044 699 2098 oaesi
720 2045 785 2097 adeo
805 2042 903 2096 ruitum
925 2052 1026 2097 torvum
1048 2046 1168 2098 struina-

42 2132 74 2183 ‹le
90 2131 285 2185 calamitatibus
300 2132 357 2186 sive
379 2131 471 2194 malis,
496 2130 588 2199 quibua
629 2149 686 2185 cem
705 2148 768 2201 prae
786 2146 815 2182 ao
832 2130 935 2193 iernntr
960 2130 1002 2183 cl.
1019 2132 1122 2183 Mitsolr.
1139 2132 1168 2185 in

41 2218 109 2271 bello
122 2218 244 2287 gravitn
255 2219 391 2272 afficimur.
408 2217 467 2270 niv.
483 2217 530 2271 DL
544 2220 588 2272 37.
629 2218 656 2270 b.
669 2234 691 2269 r.
707 2216 785 2269 affert
797 2215 880 2268 ionum
889 2215 961 2269 [non
974 2216 996 2269 1.
1011 2218 1054 2273 18.
1073 2217 1117 2269 obi
1133 2218 1168 2273 (le

47 2306 230 2359 Vostottouem
246 2306 292 2357 rub
312 2304 419 2359 Ciminii
437 2306 590 2358 moutirru-
629 2302 753 2357 Romanis
766 2302 794 2354 in
807 2300 1043 2372 belloouml’yrrbo
1059 2304 1168 2366 orsisius

45 2391 144 2447 tintus
170 2392 261 2445 taem
289 2409 338 2446 oro
368 2400 536 2446 senserat.
562 2395 591 2444 et
631 2390 744 2444 omnium
768 2389 797 2442 irs
816 2390 933 2443 monibus
948 2406 1033 2457 eures,
1060 2398 1087 2446 et
1105 2392 1170 2445 reli·

44 2476 126 2530 xiv,
141 2479 188 2533 28.
206 2497 272 2548 quoe
290 2480 397 2548 quisque
416 2479 506 2532 Persei
525 2479 596 2530 bello·
632 2485 692 2530 stas
718 2477 747 2528 irr
769 2477 882 2529 uultibus
905 2477 1008 2542 miuus,
1025 2481 1094 2532 stirs
1111 2479 1171 2548 ipsu

44 2565 173 2633 priuatim
186 2558 220 2616 u'r
284 2567 332 2618 lieo
343 2566 523 2619 restittat.
540 2565 590 2615 Se-
631 2570 716 2616 morto
737 2563 780 2615 ἕνα
797 2564 918 2625 oioebutr
942 2564 991 2616 uiai
1003 2565 1072 2617 torte
1085 2567 1170 2618 mina·

46 2665 100 2702 nec.
117 2649 217 2720 Oedip.
265 2653 292 2706 2.
310 2653 456 2706 Senssre
467 2658 591 2704 terruere
632 2665 675 2700 rer
694 2647 896 2718 simpliciterne
913 2650 1036 2702 militibus
1054 2651 1171 2704 fortiori·

47 2735 148 2788 Dorum
165 2739 278 2801 feroces.
296 2738 330 2793 of.
351 2737 412 2790 infr.
432 2737 482 2801 lli,
502 2735 527 2792 4.
545 2735 590 2792 tu·
631 2735 697 2799 bus,
713 2741 819 2787 mortem
836 2734 903 2787 hosti
911 2733 1105 2800 minitantibus,
1125 2753 1172 2790 ex-

46 2819 92 2886 lV,
103 2823 130 2877 4.
142 2821 189 2876 26.
201 2819 249 2886 IV,
260 2826 286 2879 6.
298 2825 326 2878 ³.
339 2850 373 2865 —
387 2831 415 2878 et
427 2827 532 2877 celerem
540 2827 590 2889 su·
630 2819 730 2891 plicare
745 2826 869 2890 praestet.

47 2925 120 2978 gum,
137 2907 174 2960 ad
186 2908 367 2979 malauempe,
381 2910 486 2980 quaein
501 2927 590 2980 pugna
665 2924 693 2958 v.
703 2908 788 2962 113-
803 2907 845 2964 16.
864 2908 975 2963 Sensusr
1004 2907 1051 2961 sed
1064 2925 1103 2961 run
1115 2914 1171 2962 torn
1193 2933 1198 2944 ·

47 2992 212 3064 Philippensi
230 2995 356 3060 senserit,
380 2995 501 3049 retentet
518 2998 590 3070 ⁴inde
630 2993 699 3046 bona
714 2993 817 3046 fortuna
829 3011 861 3046 er
873 2995 957 3048 rnedio
974 2994 1035 3048 belii
1054 2995 1171 3064 periculo

48 3079 204 3148 aufugiendi
228 3081 408 3134 necessitatem
429 3070 534 3146 refortr
551 3081 591 3136 rei
631 3078 745 3149 eripuit,
769 3090 798 3134 te
813 3097 877 3134 uero
898 3081 926 3132 iu
944 3079 1014 3134 idern
1033 3082 1172 3134 vehemen-

48 3164 131 3234 igitur
145 3165 231 3235 magis
243 3166 502 3222 describendashree
518 3169 591 3222 adis-
631 3165 685 3217 tior
696 3167 807 3234 impetus
820 3165 943 3236 abripuit.
962 3167 1087 3229 -Quod
1103 3169 1171 3221 bona

50 3261 92 3306 sta
106 3269 166 3306 osae
180 3258 251 3322 puta.
267 3281 297 3292 -
312 3271 364 3306 unu
379 3257 454 3320 berre,
472 3273 523 3308 non
535 3255 591 3307 sine
630 3252 738 3305 fortuna
756 3252 854 3305 factum
874 3257 928 3314 est,
952 3251 979 3303 id
991 3253 1085 3306 tribuit
1100 3255 1172 3310 Men

49 3339 165 3410 pudore3
189 3355 356 3411 quamquam,
389 3347 420 3394 ut
446 3341 592 3410 expeditior
632 3326 721 3402 ourio,
750 3355 807 3391 ouru
832 3347 939 3409 propter
965 3338 1021 3390 eina
1044 3338 1072 3391 in
1094 3339 1170 3392 huius
1211 3317 1216 3342 ’

50 3432 122 3478 esset
142 3425 225 3493 iuga,
249 3432 350 3479 soutuur
376 3426 490 3481 abiicere
511 3427 593 3482 debe-
632 3423 744 3478 muneris
765 3423 867 3477 vicibus
886 3423 1011 3477 obeundis
1029 3422 1174 3477 dexterita-

51 3511 105 3564 bat.
121 3513 249 3580 parmula
268 3511 302 3564 de
321 3518 395 3566 acuto
412 3513 542 3568 breviore.
555 3530 603 3554 -·
630 3518 684 3565 tem
711 3518 739 3563 et
766 3510 940 3575 celeritatem,
969 3509 1050 3578 (hinc
1078 3509 1176 3563 dicitur

51 3597 134 3662 Sunt,
152 3595 263 3666 quirem
279 3597 313 3651 de
324 3599 425 3652 abieoto
438 3609 513 3653 scuto
530 3600 591 3654 ideo
633 3593 765 3661 ὠκύπους
784 3597 853 3668 apud
871 3579 992 3666 Euripiil.
1016 3594 1077 3648 Hel.
1096 3595 1173 3666 247.)

52 3683 188 3738 Horatium
209 3683 490 3750 numerosissimos,
508 3693 539 3740 ut
551 3687 593 3738 ln-
633 3685 669 3737 ri.
690 3702 761 3755 supr.
779 3685 802 3749 l,
824 3683 1174 3752 10.1³.tum,quisosro-

54 3771 103 3824 rtis
120 3787 227 3841 quoquo
244 3769 360 3824 inritatus
379 3789 439 3827 esse
456 3771 593 3826 videretur
632 3789 692 3824 rurn
707 3772 911 3833 Mercurialium,
928 3767 1045 3837 (tarsu,
1056 3770 1097 3824 1⁷.
1114 3769 1174 3838 29.)
1239 3841 1242 3847 .

54 3857 177 3910 Alcaeum
201 3863 232 3909 et
257 3855 451 3923 Arobiioobuur,
486 3874 593 3928 quorum
634 3859 661 3911 b.
675 3875 698 3910 s.
712 3863 863 3928 poetarum,
881 3861 1034 3910 custoaeat.
1053 3883 1087 3924 γ-
1104 3855 1175 3909 Poe-

54 3955 167 4012 uterque
184 3958 214 3995 re
231 3945 304 3996 arun
322 3941 351 3996 in
366 3944 465 4013 proelio
479 3944 596 3998 amisisse
634 3949 664 3998 ta
686 3951 770 3998 autern
788 3943 851 4000 rutis
871 3941 1007 4018 puguifioe
1021 3957 1050 3993 se
1063 3939 1175 3994 adsimu-

53 4031 185 4093 t'atenturr
203 4030 238 4081 de
248 4030 346 4084 Alcaeo
357 4031 411 4085 rid.
424 4017 593 4084 Strsbsxtll.
634 4030 673 4084 iat
692 4031 813 4085 heroibus
836 4028 994 4094 Homericis,
1017 4027 1063 4098 qui
1079 4030 1176 4098 passini

55 4132 81 4185 p.
98 4115 157 4170 600.
175 4115 302 4170 Herodot.
323 4116 356 4171 V.
367 4119 410 4174 95.
423 4117 457 4172 de
469 4117 596 4171 *Archilo-
635 4119 678 4171 vel
697 4135 714 4172 a
734 4117 784 4171 deo
802 4115 845 4170 vel
865 4129 882 4167 a
901 4113 950 4168 dea
962 4113 1083 4184 quapiam
1096 4115 1174 4167 &uro

55 4201 104 4254 ubo
116 4207 207 4256 autem
219 4219 311 4256 versus
326 4201 433 4257 inbanc
441 4219 495 4279 reru
505 4209 595 4257 extant
636 4207 713 4269 urire,
734 4205 759 4257 h.
785 4221 810 4256 a.
833 4202 902 4255 nubs
921 4203 1069 4255 oirourniuai
1090 4208 1118 4253 et
1134 4201 1174 4253 sio
1221 4197 1223 4205 '

55 4287 126 4356 apud
152 4287 227 4344 Sext.
261 4289 363 4359 Erupit.
387 4289 481 4359 Pyrrh.
505 4291 594 4359 hypot.
635 4287 741 4358 proeliis
755 4285 840 4355 erepti
853 4299 911 4340 erae
928 4283 1070 4355 finguntur.
1082 4315 1116 4328 -
1128 4303 1172 4338 re-

54 4373 102 4429 lll.
113 4371 160 4431 24.
174 4376 311 4442 -srustu
329 4375 432 4443 lirtur,
454 4375 593 4441 tortitudo,
635 4378 702 4428 sort.
728 4376 792 4430 oud.
806 4375 875 4442 Iret.
901 4380 967 4428 aest
986 4374 1047 4430 beili
1064 4372 1174 4441 impetus
